%%%%%%%%%%%%%%%%%%%%
%%
%%      Liste der Abkürzungen für Zeitschriften, Reihen,
%%      Lexika und häufig zitierte Werke
%%
%%%%%%%%%%%%%%%%%%%%
%%
%%  Manche Kürzel konnten nicht genau umgesetzt werden.
%%  Alle Umlaute, Akzente, etc. werden weggelassen, bzw.
%% geändert: "ü-> ue", etc.
%%  Diese sind mit "*Abweichung!" gekennzeichnet
%%
%%%%%%%%%%%%%%%%%%%%
%%
%% Kurzname
%%
%%%%%%%%%%%%%%%%%%%%
 @String {AA-short  = {AA}}
 @String {AAA-short  = {AAA}}
 @String {AAcque-short  = {AAcque}}
 @String {AAdv-short  = {AAdv}}
 @String {AAJ-short  = {AAJ}}
 @String {AAlpi-short  = {AAlpi}}
 @String {AarbKob-short  = {AarbKøb}}%*Abweichung!
 @String {AArchit-short  = {AArchit}}
 @String {AAS-short  = {AAS}}
 @String {AASOR-short  = {AASOR}}
 @String {AAusgrBadWuert-short  = {AAusgrBadWürt}}%*Abweichung!
 @String {AAustr-short  = {AAustr}}
 @String {ABADY-short  = {ABADY}}
 @String {AbhBerlin-short  = {AbhBerlin}}
 @String {AbhDuesseldorf-short  = {AbhDüsseldorf}}%*Abweichung!
 @String {AbhGoettingen-short  = {AbhGöttingen}}%*Abweichung!
 @String {AbhLeipzig-short  = {AbhLeipzig}}
 @String {AbhMainz-short  = {AbhMainz}}
 @String {AbhMuenchen-short  = {AbhMünchen}}%*Abweichung!
 @String {ABret-short  = {ABret}}
 @String {Abr-Nahrain-short  = {Abr-Nahrain}}
 @String {ABulg-short  = {ABulg}}
 @String {ABV-short  = {ABV}}
 @String {ACalc-short  = {ACalc}}
 @String {ACamp-short  = {ACamp}}
 @String {ACant-short  = {ACant}}
 @String {AcBibl-short  = {AcBibl}}
 @String {Achse-short  = {Achse}}
 @String {Acme-short  = {Acme}}
 @String {Acontia-short  = {Acontia}}
 @String {ACors-short  = {ACors}}
 @String {ActaAArtHist-short  = {ActaAArtHist}}
 @String {ActaAArtHist-sa-short  = {ActaAArtHist s.a.}}%*Abweichung!
 @String {ActaAcAbo-short  = {ActaAcAbo}}
 @String {ActaACarp-short  = {ActaACarp}}
 @String {ActaALov-short  = {ActaALov}}
 @String {ActaALovMono-short  = {ActaALovMono}}
 @String {ActaAntHung-short  = {ActaAntHung}}
 @String {ActaArch-short  = {ActaArch}}
 @String {ActaArchHung-short  = {ActaArchHung}}
 @String {ActaAth-short  = {ActaAth}}
 @String {ActaCl-short  = {ActaCl}}
 @String {ActaClDebrec-short  = {ActaClDebrec}}
 @String {ActaHistDac-short  = {ActaHistDac}}
 @String {ActaHyp-short  = {ActaHyp}}
 @String {ActaInstRomFin-short  = {ActaInstRomFin}}
 @String {ActaMusNapoca-short  = {ActaMusNapoca}}
 @String {ActaMusPorol-short  = {ActaMusPorol}}
 @String {ActaNum-short  = {ActaNum}}
 @String {ActaOr-short  = {ActaOr}}
 @String {ActaOrHung-short  = {ActaOrHung}}
 @String {ActaPhilSocDac-short  = {ActaPhilSocDac}}
 @String {ActaPraehistA-short  = {ActaPraehistA}}
 @String {ActaTorunA-short  = {ActaTorunA}}
 @String {ActaTorunHist-short  = {ActaTorunHist}}
 @String {AD-short  = {AD}}
 @String {ADAIK-short  = {ADAIK}}
 @String {Adalya-short  = {Adalya}}
 @String {ADelt-A-short  = {ADelt A}}%*Abweichung!
 @String {ADelt-B-short  = {ADelt B}}%*Abweichung!
 @String {ADerg-short  = {ADerg}}
 @String {ADFU-short  = {ADFU}}
 @String {AdI-short  = {AdI}}
 @String {ADOG-short  = {ADOG}}
 @String {Adumatu-short  = {Adumatu}}
 @String {AE-short  = {AE}}
 @String {AeA-short  = {AeA}}
 @String {Aegaeum-short  = {Aegaeum}}
 @String {AegLev-short  = {ÄgLev}}%*Abweichung!
 @String {AEmil-short  = {AEmil}}
 @String {AEphem-short  = {AEphem}}
 @String {AeR-short  = {AeR}}
 @String {AErgoMak-short  = {AErgoMak}}
 @String {AErt-short  = {AErt}}
 @String {AEspA-short  = {AEspA}}
 @String {Aevum-short  = {Aevum}}
 @String {AevumAnt-short  = {AevumAnt}}
 @String {AF-short  = {AF}}
 @String {AfO-short  = {AfO}}
 @String {Africa-short  = {Africa}}
 @String {AGD-short  = {AGD}}
 @String {AGeo-short  = {AGeo}}
 @String {Agora-short  = {Agora}}
 @String {AgoraPB-short  = {AgoraPB}}
 @String {AHist-short  = {AHist}}
 @String {AHistStAlex-short  = {AHistStAlex}}
 @String {AHw-short  = {AHw}}
 @String {AiD-short  = {AiD}}
 @String {AInf-short  = {AInf}}
 @String {AIONArch-short  = {AIONArch}}
 @String {AIONFil-short  = {AIONFil}}
 @String {AIONLing-short  = {AIONLing}}
 @String {AIPhOr-short  = {AIPhOr}}
 @String {Aitna-short  = {Aitna}}
 @String {AJA-short  = {AJA}}
 @String {AJahrBay-short  = {AJahrBay}}
 @String {AJPh-short  = {AJPh}}
 @String {AJug-short  = {AJug}}
 @String {AKorrBl-short  = {AKorrBl}}
 @String {AlbaRegia-short  = {AlbaRegia}}
 @String {AlmaMaterSt-short  = {AlmaMaterSt}}
 @String {AlmanachWien-short  = {AlmanachWien}}
 @String {AlonJisrael-short  = {AlonJisrael}}
 @String {Al-Qannis-short  = {Al-Qanniš}}
 @String {Altamura-short  = {Altamura}}
 @String {AltoMed-short  = {AltoMed}}
 @String {Alt-Paphos-short  = {Alt-Paphos}}
 @String {AltThuer-short  = {AltThür}}%*Abweichung!
 @String {AM-short  = {AM}}
 @String {AMediev-short  = {AMediev}}
 @String {AMethTh-short  = {AMethTh}}
 @String {AMI-short  = {AMI}}
 @String {AMIT-short  = {AMIT}}
 @String {AmJAncHist-short  = {AmJAncHist}}
 @String {AmJNum-short  = {AmJNum}}
 @String {AMold-short  = {AMold}}
 @String {AMosel-short  = {AMosel}}
 @String {AMS-short  = {AMS}}
 @String {AmStP-short  = {AmStP}}
 @String {AMuGS-short  = {AMuGS}}
 @String {ANachr-short  = {ANachr}}
 @String {ANachrBad-short  = {ANachrBad}}
 @String {AnadoluAra-short  = {AnadoluAra}}
 @String {AnadoluKonf-short  = {AnadoluKonf}}
 @String {AnadoluYil-short  = {AnadoluYıl}}
 @String {AnAe-short  = {AnAe}}
 @String {Anagennesis-short  = {Anagennesis}}
 @String {AnalBolland-short  = {AnalBolland}}
 @String {AnalP-short  = {AnalP}}
 @String {AnalRom-short  = {AnalRom}}
 @String {AnArqAnd-short  = {AnArqAnd}}
 @String {Anas-short  = {Anas}}
 @String {AnatA-short  = {AnatA}}
 @String {Anatolia-short  = {Anatolia}}
 @String {ANaturwiss-short  = {ANaturwiss}}
 @String {AncCivScytSib-short  = {AncCivScytSib}}
 @String {AncHistB-short  = {AncHistB}}
 @String {AncInd-short  = {AncInd}}
 @String {AncNearEastSt-short  = {AncNearEastSt}}
 @String {AnCord-short  = {AnCord}}
 @String {AncSoc-short  = {AncSoc}}
 @String {AncW-short  = {AncW}}
 @String {AncWestEast-short  = {AncWestEast}}
 @String {AnDubr-short  = {AnDubr}}
 @String {ANews-short  = {ANews}}
 @String {ANilMoy-short  = {ANilMoy}}
 @String {ANL-short  = {ANL}}
 @String {AnMunFaro-short  = {AnMunFaro}}
 @String {AnMurcia-short  = {AnMurcia}}
 @String {AnnAcEtr-short  = {AnnAcEtr}}
 @String {AnnAcTorino-short  = {AnnAcTorino}}
 @String {AnnAStorAnt-short  = {AnnAStorAnt}}
 @String {AnnBari-short  = {AnnBari}}
 @String {AnnBenac-short  = {AnnBenac}}
 @String {AnnBiblAModena-short  = {AnnBiblAModena}}
 @String {AnnBiblARom-short  = {AnnBiblARom}}
 @String {AnnByzConf-short  = {AnnByzConf}}
 @String {AnnCagl-short  = {AnnCagl}}
 @String {AnnCaglMag-short  = {AnnCaglMag}}
 @String {AnnEconSocCiv-short  = {AnnEconSocCiv}}
 @String {AnnEgBibl-short  = {AnnEgBibl}}
 @String {AnnEth-short  = {AnnEth}}
 @String {AnnFaina-short  = {AnnFaina}}
 @String {AnnHistA-short  = {AnnHistA}}
 @String {AnnHistScSoc-short  = {AnnHistScSoc}}
 @String {AnnIstGiapp-short  = {AnnIstGiapp}}
 @String {AnnIstItNum-short  = {AnnIstItNum}}
 @String {AnnLecce-short  = {AnnLecce}}
 @String {AnnLeedsUnOrSoc-short  = {AnnLeedsUnOrSoc}}
 @String {AnnMacerata-short  = {AnnMacerata}}
 @String {AnnMessMag-short  = {AnnMessMag}}
 @String {AnnMusRov-short  = {AnnMusRov}}
 @String {AnnNap-short  = {AnnNap}}
 @String {AnnNivern-short  = {AnnNivern}}
 @String {AnnNoment-short  = {AnnNoment}}
 @String {AnnOrNap-short  = {AnnOrNap}}
 @String {AnnotNum-short  = {AnnotNum}}
 @String {AnnPerugia-short  = {AnnPerugia}}
 @String {AnnPisa-short  = {AnnPisa}}
 @String {AnnPontAcRom-short  = {AnnPontAcRom}}
 @String {AnnRepBSA-short  = {AnnRepBSA}}
 @String {AnnRepCypr-short  = {AnnRepCypr}}
 @String {AnnRepFoggArtMus-short  = {TAnnRepFoggArtMus}}
 @String {AnnSiena-short  = {AnnSiena}}
 @String {AnnuarioAcLinc-short  = {AnnuarioAcLinc}}
 @String {AnnuarioLecce-short  = {AnnuarioLecce}}
 @String {AnnUnBud-short  = {AnnUnBud}}
 @String {AnnWorcArtMus-short  = {AnnWorcArtMus}}
 @String {Anodos-short  = {Anodos}}
 @String {AnOr-short  = {AnOr}}
 @String {ANRW-short  = {ANRW}}
 @String {Anschnitt-short  = {Anschnitt}}
 @String {ANSMusNotes-short  = {ANSMusNotes}}
 @String {AnSt-short  = {AnSt}}
 @String {Antaeus-short  = {Antaeus}}
 @String {AntAfr-short  = {AntAfr}}
 @String {AntChr-short  = {AntChr}}
 @String {AntCl-short  = {AntCl}}
 @String {AnthrAChron-short  = {AnthrAChron}}
 @String {Anthropos-short  = {Anthropos}}
 @String {Antichthon-short  = {Antichthon}}
 @String {AntigCr-short  = {AntigCr}}
 @String {Antipolis-short  = {Antipolis}}
 @String {Antiqua-short  = {Antiqua}}
 @String {Antiquity-short  = {Antiquity}}
 @String {AntJ-short  = {AntJ}}
 @String {AntK-short  = {AntK}}
 @String {AntNat-short  = {AntNat}}
 @String {AntPisa-short  = {AntPisa}}
 @String {AntPl-short  = {AntPl}}
 @String {AntSurv-short  = {AntSurv}}
 @String {AntTard-short  = {AntTard}}
 @String {AnzAW-short  = {AnzAW}}
 @String {AnzWien-short  = {AnzWien}}
 @String {AOAT-short  = {AOAT}}
 @String {AoF-short  = {AoF}}
 @String {AOtkryt-short  = {AOtkryt}}
 @String {APamKiiv-short  = {APamKiiv}}
 @String {APh-short  = {APh}}
 @String {APol-short  = {APol}}
 @String {Apollo-short  = {Apollo}}
 @String {ApolloLond-short  = {ApolloLond}}
 @String {APort-short  = {APort}}
 @String {AppRomFil-short  = {AppRomFil}}
 @String {APregl-short  = {APregl}}
 @String {Apulum-short  = {Apulum}}
 @String {AquiLeg-short  = {AquiLeg}}
 @String {AquilNost-short  = {AquilNost}}
 @String {Aquitania-short  = {Aquitania}}
 @String {ArabAEpigr-short  = {ArabAEpigr}}
 @String {ARadRaspr-short  = {ARadRaspr}}
 @String {ArbFBerSaechs-short  = {ArbFBerSaechs}}
 @String {Archaeographie-short  = {Archäographie}}%*Abweichung!
 @String {Archaeologia-short  = {Archaeologia}}
 @String {Archaeology-short  = {Archaeology}}
 @String {Archaeometry-short  = {Archaeometry}}
 @String {Archaiognosia-short  = {Archaiognosia}}
 @String {ArchBegriffsGesch-short  = {ArchBegriffsGesch}}
 @String {ArchByzMnem-short  = {ArchByzMnem}}
 @String {ArchCl-short  = {ArchCl}}
 @String {Archeo-short  = {Archeo}}
 @String {ArcheogrTriest-short  = {ArcheogrTriest}}
 @String {ArcheologiaParis-short  = {ArcheologiaParis}}
 @String {ArcheologiaRoma-short  = {ArcheologiaRoma}}
 @String {ArcheologiaWarsz-short  = {ArcheologiaWarsz}}
 @String {ArcheologijaKiiv-short  = {ArcheologijaKiiv}}
 @String {ArcheologijaSof-short  = {ArcheologijaSof}}
 @String {ArchEubMel-short  = {ArchEubMel}}
 @String {ArchHom-short  = {ArchHom}}
 @String {Architectura-short  = {Architectura}}
 @String {Archivi-short  = {Archivi}}
 @String {ArchPF-short  = {ArchPF}}
 @String {ArchPrehistLev-short  = {ArchPrehistLev}}
 @String {ArchRel-short  = {ArchRel}}
 @String {ArchStorCal-short  = {ArchStorCal}}
 @String {ArchStorPugl-short  = {ArchStorPugl}}
 @String {ArchStorRom-short  = {ArchStorRom}}
 @String {ArchStorSicOr-short  = {ArchStorSicOr}}
 @String {ArchStorSir-short  = {ArchStorSir}}
 @String {Arctos-short  = {Arctos}}
 @String {ARepLond-short  = {ARepLond}}
 @String {Argo-short  = {Argo}}
 @String {ArOr-short  = {ArOr}}
 @String {ArOrMono-short  = {ArOrMono}}
 @String {ArOrSuppl-short  = {ArOrSuppl}}
 @String {ARozhl-short  = {ARozhl}}
 @String {ArqBeja-short  = {ArqBeja}}
 @String {Arse-short  = {Arse}}
 @String {ArsGeorg-short  = {ArsGeorg}}
 @String {ArtAntMod-short  = {ArtAntMod}}
 @String {ArtARhone-short  = {ArtARhône}}%*Abweichung!
 @String {ArtAs-short  = {ArtAs}}
 @String {ArtB-short  = {ArtB}}
 @String {ArtJ-short  = {ArtJ}}
 @String {ArtLomb-short  = {ArtLomb}}
 @String {ArtMediev-short  = {ArtMediev}}
 @String {ArtVirg-short  = {ArtVirg}}
 @String {ARV2-short  = {ARV2}}
 @String {ASachs-short  = {ASachs}}
 @String {ASAE-short  = {ASAE}}
 @String {ASammlUnZuerch-short  = {ASammlUnZürch}}%*Abweichung!
 @String {ASAtene-short  = {ASAtene}}
 @String {ASbor-short  = {ASbor}}
 @String {ASchw-short  = {ASchw}}
 @String {ASoc-short  = {ASoc}}
 @String {ASoloth-short  = {ASoloth}}
 @String {ASR-short  = {ASR}}
 @String {Assaph-short  = {Assaph}}
 @String {AssyrMisc-short  = {AssyrMisc}}
 @String {AST-short  = {AST}}
 @String {ASub-short  = {ASub}}
 @String {ASubacq-short  = {ASubacq}}
 @String {Athenaeum-short  = {Athenaeum}}
 @String {Atiqot-short  = {Atiqot}}
 @String {AtiqotHeb-short  = {AtiqotHeb}}
 @String {Atlal-short  = {Atlal}}
 @String {AttiAcPontan-short  = {AttiAcPontan}}
 @String {AttiAcRov-short  = {AttiAcRov}}
 @String {AttiAcTorino-short  = {AttiAcTorino}}
 @String {AttiCAntCl-short  = {AttiCAntCl}}
 @String {AttiCItRom-short  = {AttiCItRom}}
 @String {AttiMemBologna-short  = {AttiMemBologna}}
 @String {AttiMemDal-short  = {AttiMemDal}}
 @String {AttiMemFirenze-short  = {AttiMemFirenze}}
 @String {AttiMemIstria-short  = {AttiMemIstria}}
 @String {AttiMemMagnaGr-short  = {AttiMemMagnaGr}}
 @String {AttiMemModena-short  = {AttiMemModena}}
 @String {AttiMemTivoli-short  = {AttiMemTivoli}}
 @String {AttiMusTrieste-short  = {AttiMusTrieste}}
 @String {AttiPalermo-short  = {AttiPalermo}}
 @String {AttiRovigno-short  = {AttiRovigno}}
 @String {AttiSocFriuli-short  = {AttiSocFriuli}}
 @String {AttiVenezia-short  = {AttiVenezia}}
 @String {AuA-short  = {AuA}}
 @String {AulaOr-short  = {AulaOr}}
 @String {AusgrFu-short  = {AusgrFu}}
 @String {AusgrFuWestf-short  = {AusgrFuWestf}}
 @String {AustrRom-short  = {AustrRom}}
 @String {AUTerr-short  = {AUTerr}}
 @String {AUWE-short  = {AUWE}}
 @String {AV-short  = {AV}}
 @String {AVen-short  = {AVen}}
 @String {AVes-short  = {AVes}}
 @String {AViva-short  = {AViva}}
 @String {AvP-short  = {AvP}}
 @String {AW-short  = {AW}}
 @String {AyasofyaMuezYil-short  = {AyasofyaMüzYıl}}%*Abweichung!
 @String {AZ-short  = {AZ}}
 @String {Azotea-short  = {Azotea}}
 @String {BA-short  = {BA}}
 @String {Baalbek-short  = {Baalbek}}
 @String {BAAlger-short  = {BAAlger}}
 @String {BABarcel-short  = {BABarcel}}
 @String {BABesch-short  = {BABesch}}
 @String {BAcRHist-short  = {BAcRHist}}
 @String {BACopt-short  = {BACopt}}
 @String {BadFuBer-short  = {BadFuBer}}
 @String {Baetica-short  = {Baetica}}
 @String {BaF-short  = {BaF}}
 @String {BalacaiKoez-short  = {BalacaiKöz}}%*Abweichung!
 @String {BalkSt-short  = {BalkSt}}
 @String {BALond-short  = {BALond}}
 @String {BALux-short  = {BALux}}
 @String {BaM-short  = {BaM}}
 @String {BAMaroc-short  = {BAMaroc}}
 @String {BAmSocP-short  = {BAmSocP}}
 @String {BAncOrMus-short  = {BAncOrMus}}
 @String {BAngers-short  = {BAngers}}
 @String {BAngloIsrASoc-short  = {BAngloIsrASoc}}
 @String {BAnnMusFerr-short  = {BAnnMusFerr}}
 @String {BAntFr-short  = {BAntFr}}
 @String {BAntLux-short  = {BAntLux}}
 @String {BAParis-short  = {BAParis}}
 @String {BAProv-short  = {BAProv}}
 @String {BAR-short  = {BAR}}
 @String {BArchAlex-short  = {BArchAlex}}
 @String {BArchit-short  = {BArchit}}
 @String {BARIntSer-short  = {BARIntSer}}
 @String {BASard-short  = {BASard}}
 @String {BAsEspA-short  = {BAsEspA}}
 @String {BAsInst-short  = {BAsInst}}
 @String {BASOR-short  = {BASOR}}
 @String {BAssBude-short  = {BAssBudé}}%*Abweichung!
 @String {BAssMosAnt-short  = {BAssMosAnt}}
 @String {BASub-short  = {BASub}}
 @String {BASudEstEur-short  = {BASudEstEur}}
 @String {BATarr-short  = {BATarr}}
 @String {BAur-short  = {BAur}}
 @String {BAVA-short  = {BAVA}}
 @String {BayVgBl-short  = {BayVgBl}}
 @String {BBasil-short  = {BBasil}}
 @String {BBelgRom-short  = {BBelgRom}}
 @String {BBolsena-short  = {BBolsena}}
 @String {BBrByzSt-short  = {BBrByzSt}}
 @String {BCamuno-short  = {BCamuno}}
 @String {BCASic-short  = {BCASic}}
 @String {BCercleNum-short  = {BCercleNum}}
 @String {BCH-short  = {BCH}}
 @String {BCircNumNap-short  = {BCircNumNap}}
 @String {BCl-short  = {BCl}}
 @String {BClevMus-short  = {BClevMus}}
 @String {BCom-short  = {BCom}}
 @String {BCord-short  = {BCord}}
 @String {BdA-short  = {BdA}}
 @String {BdE-short  = {BdE}}
 @String {BdEC-short  = {BdEC}}
 @String {BdI-short  = {BdI}}
 @String {BDirRom-short  = {BDirRom}}
 @String {BeazleyAddenda2-short  = {Beazley Addenda\textsuperscript{2}}}%*Abweichung!
 @String {BeazleyPara-short  = {Beazley, Para.}}%*Abweichung!
 @String {BEcAntNimes-short  = {BEcAntNîmes}}%*Abweichung!
 @String {BediKart-short  = {BediKart}}
 @String {BEFAR-short  = {BEFAR}}
 @String {BeitrESkAr-short  = {BeitrESkAr}}
 @String {BeitrNamF-short  = {BeitrNamF}}
 @String {BeitrSudanF-short  = {BeitrSudanF}}
 @String {BelArt-short  = {BelArt}}
 @String {Belleten-short  = {Belleten}}
 @String {Benacus-short  = {Benacus}}
 @String {BerBayDenkmPfl-short  = {BerBayDenkmPfl}}
 @String {BerDFG-short  = {BerDFG}}
 @String {BerlBeitrArchaeom-short  = {BerlBeitrArchäom}}%*Abweichung!
 @String {BerlBlVFruehGesch-short  = {BerlBlVFrühGesch}}%*Abweichung!
 @String {BerlJbVFruehGesch-short  = {BerlJbVFrühGesch}}%*Abweichung!
 @String {BerlMus-short  = {BerlMus}}
 @String {BerlNumZ-short  = {BerlNumZ}}
 @String {BerOudhBod-short  = {BerOudhBod}}
 @String {BerRGK-short  = {BerRGK}}
 @String {BerVerhLeipz-short  = {BerVerhLeipz}}
 @String {Berytus-short  = {Berytus}}
 @String {BEspA-short  = {BEspA}}
 @String {BEspOr-short  = {BEspOr}}
 @String {BEtOr-short  = {BEtOr}}
 @String {BFilGrPadova-short  = {BFilGrPadova}}
 @String {BFilLingSic-short  = {BFilLingSic}}
 @String {BFlegr-short  = {BFlegr}}
 @String {BFoligno-short  = {BFoligno}}
 @String {BHarvMus-short  = {BHarvMus}}
 @String {BIasos-short  = {BIasos}}
 @String {BibAr-short  = {BibAr}}
 @String {BiblClOr-short  = {BiblClOr}}
 @String {BiblSymb-short  = {BiblSymb}}
 @String {BIBulg-short  = {BIBulg}}
 @String {BICS-short  = {BICS}}
 @String {BIFAO-short  = {BIFAO}}
 @String {BInfCentumcellae-short  = {BInfCentumcellae}}
 @String {BInfCESDAE-short  = {BInfCESDAE}}
 @String {BiogrZbor-short  = {BiogrZbor}}
 @String {BiOr-short  = {BiOr}}
 @String {BIstOrvieto-short  = {BIstOrvieto}}
 @String {BJaen-short  = {BJaen}}%*Abweichung!
 @String {BJb-short  = {BJb}}
 @String {BJerus-short  = {BJerus}}
 @String {BLaborMusLouvre-short  = {BLaborMusLouvre}}
 @String {BLazioMerid-short  = {BLazioMerid}}
 @String {BLikUm-short  = {BLikUm}}
 @String {BlMueFreundeF-short  = {BlMüFreundeF}}%*Abweichung!
 @String {BLugo-short  = {BLugo}}
 @String {BMCGreekCoins-short  = {BMC Greek Coins}}%*Abweichung!
 @String {BMCOR-short  = {BMCOR}}
 @String {BMCRE-short  = {BMCRE}}
 @String {BMCRRI-III-short  = {BMCRR I--III}}%*Abweichung!
 @String {BMetrMus-short  = {BMetrMus}}
 @String {BMon-short  = {BMon}}
 @String {BMonMusPont-short  = {BMonMusPont}}
 @String {BMQ-short  = {BMQ}}
 @String {BMQNSuppl-short  = {BMQNSuppl}}
 @String {BMusBeyrouth-short  = {BMusBeyrouth}}
 @String {BMusBrux-short  = {BMusBruxs}}
 @String {BMusCadiz-short  = {BMusCadiz}}
 @String {BMusCivRom-short  = {BMusCivRom}}
 @String {BMusFA-short  = {BMusFA}}
 @String {BMusHongr-short  = {BMusHongr}}
 @String {BMusMadr-short  = {BMusMadr}}
 @String {BMusMich-short  = {BMusMich}}
 @String {BMusMonaco-short  = {BMusMonaco}}
 @String {BMusPadova-short  = {BMusPadova}}
 @String {BMusPBelArt-short  = {BMusPBelArt}}
 @String {BMusRom-short  = {BMusRom}}
 @String {BMusVars-short  = {BMusVars}}
 @String {BMusZaragoza-short  = {BMusZaragoza}}
 @String {BNumParis-short  = {BNumParis}}
 @String {BNumRoma-short  = {BNumRoma}}
 @String {Bogazkoey-Hattusa-short  = {Boğazköy-Hattuša}}%*Abweichung!
 @String {Bolskan-short  = {Bolskan}}
 @String {BonnHVg-short  = {BonnHVg}}
 @String {BOntMus-short  = {BOntMus}}
 @String {Boreas-short  = {Boreas}}
 @String {BoreasUpps-short  = {BoreasUpps}}
 @String {BPeintRom-short  = {BPeintRom}}
 @String {BPI-short  = {BPI}}
 @String {BPrehistAlp-short  = {BPI}}%*Abweichung!
 @String {BProAvent-short  = {BProAvent}}
 @String {BProvidence-short  = {BProvidence}}
 @String {BracAug-short  = {BracAug}}
 @String {BracaraAugusta-short  = {BracaraAugusta}}
 @String {BremABl-short  = {BremABl}}
 @String {BRest-short  = {BRest}}
 @String {Brigantium-short  = {Brigantium}}
 @String {BrMusYearbook-short  = {BrMusYearbook}}
 @String {BSA-short  = {BSA}}
 @String {BSAA-short  = {BSAA}}
 @String {BSFE-short  = {BSFE}}
 @String {BSiena-short  = {BSiena}}
 @String {BSOAS-short  = {BSOAS}}
 @String {BSocAChamp-short  = {BSocAChamp}}
 @String {BSocBiblReinach-short  = {BSocBiblReinach}}
 @String {BSocNumRom-short  = {BSocNumRom}}
 @String {BSR-short  = {BSR}}
 @String {BStLat-short  = {BStLat}}
 @String {BStorArt-short  = {BStorArt}}
 @String {BTextilAnc-short  = {BStorArt}}
 @String {BTorino-short  = {BTorino}}
 @String {BTravTun-short  = {BTravTun}}
 @String {BudReg-short  = {BudReg}}
 @String {BulletinGetty-short  = {BulletinGetty}}
 @String {BulletinNorthampton-short  = {BulletinNorthampton}}
 @String {BVallad-short  = {BVallad}}
 @String {BVitoria-short  = {BVitoria}}
 @String {BWaltersArtGal-short  = {BWaltersArtGal}}
 @String {BWPr-short  = {BWPr}}
 @String {Byzantina-short  = {Byzantina}}
 @String {ByzF-short  = {ByzF}}
 @String {ByzJb-short  = {ByzJb}}
 @String {ByzZ-short  = {ByzZ}}
 @String {BZ-short  = {BZ}}
 @String {CAA-short  = {CAA}}
 @String {CAD-short  = {CAD}}
 @String {CadA-short  = {CadA}}
 @String {Caesaraugusta-short  = {Caesaraugusta}}
 @String {Caesarodunum-short  = {Caesarodunum}}
 @String {CAH-short  = {CAH}}
 @String {CahArmeeRom-short  = {CahArmeeRom}}
 @String {CahASubaqu-short  = {CahASubaqu}}
 @String {CahByrsa-short  = {CahByrsa}}
 @String {CahCEC-short  = {CahCEC}}
 @String {CahCerEg-short  = {CahCerEg}}
 @String {CahDelFrIran-short  = {CahDelFrIran}}
 @String {CahGlotz-short  = {CahGlotz}}
 @String {CahKarnak-short  = {CahKarnak}}
 @String {CahLig-short  = {CahLig}}
 @String {CahMariemont-short  = {CahMariemont}}
 @String {CahMusChampollion-short  = {CahMusChampollion}}
 @String {CahPEg-short  = {CahPEg}}
 @String {CahRhod-short  = {CahRhod}}
 @String {CahTun-short  = {CahTun}}
 @String {CalifStClAnt-short  = {CalifStClAnt}}
 @String {CambrAJ-short  = {CambrAJ}}
 @String {CArch-short  = {CArch}}
 @String {CarinthiaI-short  = {Carinthia I}}%*Abweichung!
 @String {CarnuntumJb-short  = {CarnuntumJb}}
 @String {Carpica-short  = {Carpica}}
 @String {Carrobbio-short  = {Carrobbio}}
 @String {CAT-short  = {CAT}}
 @String {CE-short  = {CE}}
 @String {CEDAC-short  = {CEDAC}}
 @String {CEFR-short  = {CEFR}}
 @String {Celticum-short  = {Celticum}}
 @String {CercA-short  = {CercA}}
 @String {CercNum-short  = {CercNum}}
 @String {Chiron-short  = {Chiron}}
 @String {ChronEg-short  = {ChronEg}}
 @String {CIA-short  = {CIA}}
 @String {CIE-short  = {CIE}}
 @String {CIG-short  = {CIG}}
 @String {CIH-short  = {CIH}}
 @String {CIL-short  = {CIL}}
 @String {CincArtB-short  = {CincArtB}}
 @String {CIS-short  = {CIS}}
 @String {CIstAMilano-short  = {CIstAMilano}}
 @String {CivClCr-short  = {CivClCr}}
 @String {CivPad-short  = {CivPad}}
 @String {ClAnt-short  = {ClAnt}}
 @String {ClevStHistArt-short  = {ClevStHistArt}}
 @String {Clio-short  = {Clio}}
 @String {ClIre-short  = {ClIre}}
 @String {ClJ-short  = {ClJ}}
 @String {ClMediaev-short  = {ClMediaev}}
 @String {ClPhil-short  = {ClPhil}}
 @String {ClQ-short  = {ClQ}}
 @String {ClR-short  = {ClR}}
 @String {ClRh-short  = {ClRh}}
 @String {CMatAOr-short  = {CMatAOr}}
 @String {CMGr-short  = {CMGr}}
 @String {CMS-short  = {CMS}}
 @String {CoinHoards-short  = {Coin Hoards}}%*Abweichung!
 @String {ColloquiSod-short  = {ColloquiSod}}
 @String {CommunicAHung-short  = {CommunicAHung}}
 @String {Complutum-short  = {Complutum}}
 @String {Conoscenze-short  = {Conoscenze}}
 @String {Corduba-short  = {Corduba}}
 @String {Corinth-short  = {Corinth}}
 @String {CRAI-short  = {CRAI}}
 @String {CretAnt-short  = {CretAnt}}
 @String {CretSt-short  = {CretSt}}
 @String {CronA-short  = {CronA}}
 @String {CronErcol-short  = {CronErcol}}
 @String {CronPomp-short  = {CronPomp}}
 @String {CRPetersbourg-short  = {CRPetersbourg}}%*Abweichung!
 @String {CSE-short  = {CSE}}
 @String {CSIR-short  = {CSIR}}
 @String {CSSpecPisa-short  = {CSSpecPisa}}
 @String {CuadAMed-short  = {CuadAMed}}
 @String {CuadArquitRom-short  = {CuadArquitRom}}
 @String {CuadCastellon-short  = {CuadCastellon}}
 @String {CuadCat-short  = {CuadCat}}
 @String {CuadFilCl-short  = {CuadFilCl}}
 @String {CuadGallegos-short  = {CuadGallegos}}
 @String {CuadGranada-short  = {CuadGranada}}
 @String {CuadNavarra-short  = {CuadNavarra}}
 @String {CuadPrehistA-short  = {CuadPrehistA}}
 @String {CuadRom-short  = {CuadRom}}
 @String {CuPaUAM-short  = {CuPaUAM}}
 @String {CVA-short  = {CVA}}
 @String {CZero-short  = {CZero}}
 @String {DAA-short  = {DAA}}
 @String {Dacia-short  = {Dacia}}
 @String {DACL-short  = {DACL}}
 @String {Dacoromania-short  = {Dacoromania}}
 @String {DaF-short  = {DaF}}
 @String {Daidalos-short  = {Daidalos}}
 @String {DAIGeschDok-short  = {DAIGeschDok}}
 @String {DaM-short  = {DaM}}
 @String {Daremberg-Saglio-short  = {Daremberg -- Saglio}}%*Abweichung!
 @String {DebrecMuzEvk-short  = {DebrecMuzEvk}}
 @String {Dedalo-short  = {Dédalo}}%*Abweichung!
 @String {Delos-short  = {Delos}}%*Abweichung!
 @String {DeltChrA-short  = {DeltChrA}}
 @String {Demircihueyuek-short  = {Demircihüyük}}%*Abweichung!
 @String {DeMuseus-short  = {DeMuseus}}
 @String {DenkmPflBadWuert-short  = {DenkmPflBadWürt}}%*Abweichung!
 @String {DenkschrWien-short  = {DenkschrWien}}
 @String {Diadora-short  = {Diadora}}
 @String {DialA-short  = {DialA}}
 @String {DialHistAnc-short  = {DialHistAnc}}
 @String {Dike-short  = {Dike}}
 @String {Dioniso-short  = {Dioniso}}
 @String {DiskAB-short  = {DiskAB}}
 @String {DKuDenkmPfl-short  = {DKuDenkmPfl}}
 @String {DLZ-short  = {DLZ}}
 @String {DNP-short  = {DNP}}
 @String {DocAlb-short  = {DocAlb}}
 @String {DocALouv-short  = {DocALouv}}
 @String {DocAMerid-short  = {DocAMerid}}
 @String {DocEmRom-short  = {DocEmRom}}
 @String {Dodone-short  = {Dodone}}
 @String {DOP-short  = {DOP}}
 @String {DossAlet-short  = {DossAlet}}
 @String {DossAParis-short  = {DossAParis}}
 @String {Dura-Europos-short  = {Dura-Europos}}
 @String {EAA-short  = {EAA}}
 @String {EAE-short  = {EAE}}
 @String {EastWest-short  = {EastWest}}
 @String {EcAntNimes-short  = {EcAntNimes}}
 @String {EchosCl-short  = {EchosCl}}
 @String {eDAI-F-short  = {eDAI-F}}
 @String {eDAI-J-short  = {eDAI-J}}
 @String {EgA-short  = {EgA}}
 @String {Egnatia-short  = {Egnatia}}
 @String {EgVicOr-short  = {EgVicOr}}
 @String {Eikasmos-short  = {Eikasmos}}
 @String {Eirene-short  = {Eirene}}
 @String {Elenchos-short  = {Elenchos}}
 @String {Ellenika-short  = {Ellenika}}
 @String {Emerita-short  = {Emerita}}
 @String {EmPrerom-short  = {EmPrerom}}
 @String {Empuries-short  = {Empúries}}%*Abweichung!
 @String {Enalia-short  = {Enalia}}
 @String {EnaliaAnn-short  = {EnaliaAnn}}
 @String {Enchoria-short  = {Enchoria}}
 @String {Eos-short  = {Eos}}
 @String {EpetBoiotMel-short  = {EpetBoiotMel}}
 @String {EpetByzSpud-short  = {EpetByzSpud}}
 @String {EpetKyklMel-short  = {EpetKyklMel}}
 @String {EphemDac-short  = {EphemDac}}
 @String {EphemNapoc-short  = {EphemNapoc}}
 @String {EpigrAnat-short  = {EpigrAnat}}
 @String {EpistEpetAth-short  = {EpistEpetAth}}
 @String {EpistEpetPolytThess-short  = {EpistEpetPolytThess}}
 @String {EpistEpetThess-short  = {EpistEpetThess}}
 @String {EPRO-short  = {EPRO}}
 @String {Eranos-short  = {Eranos}}
 @String {EranosJb-short  = {EranosJb}}
 @String {Eretria-short  = {Eretria}}
 @String {Eretz-Israel-short  = {Eretz-Israel}}
 @String {Ergon-short  = {Ergon}}
 @String {ESA-short  = {ESA}}
 @String {EspacioHist-short  = {EspacioHist}}
 @String {EstMadr-short  = {EstMadr}}
 @String {EstZaragoza-short  = {EstZaragoza}}
 @String {EtACl-short  = {EtACl}}
 @String {EtCl-short  = {EtCl}}
 @String {EtClAix-short  = {EtClAix}}
 @String {EtCret-short  = {EtCret}}
 @String {Ethnos-short  = {Ethnos}}
 @String {EtP-short  = {EtP}}
 @String {EtPezenas-short  = {EtPézenas}}%*Abweichung!
 @String {EtrSt-short  = {EtrSt}}
 @String {Etruscans-short  = {Etruscans}}
 @String {EtTrav-short  = {EtTrav}}
 @String {Eulimene-short  = {Eulimene}}
 @String {Eunomia-short  = {Eunomia}}
 @String {Euphrosyne-short  = {Euphrosyne}}
 @String {EurAnt-short  = {EurAnt}}
 @String {EurRHist-short  = {EurRHist}}
 @String {Eutopia-short  = {Eutopia}}
 @String {EVP-short  = {EVP}}
 @String {ExcIsr-short  = {ExcIsr}}
 @String {Expedition-short  = {Expedition}}
 @String {ExtremA-short  = {ExtremA}}
 @String {FA-short  = {FA}}
 @String {FAAK-short  = {FAAK}}
 @String {Faenza-short  = {Faenza}}
 @String {FAVA-short  = {FAVA}}
 @String {Faventia-short  = {Faventia}}
 @String {FBerBadWuert-short  = {FBerBadWürt}}%*Abweichung!
 @String {FdC-short  = {FdC}}
 @String {FdD-short  = {FdD}}
 @String {FdX-short  = {FdX}}
 @String {FeddersenWierde-short  = {Feddersen Wierde}}%*Abweichung!
 @String {FelRav-short  = {FelRav}}
 @String {FGrHist-short  = {FGrHistr}}
 @String {FHG-short  = {FHG}}
 @String {FiA-short  = {FiA}}
 @String {FichEpigr-short  = {FichEpigr}}
 @String {FiE-short  = {FiE}}
 @String {FIFAO-short  = {FIFAO}}
 @String {Figlina-short  = {Figlina}}
 @String {Florentia-short  = {Florentia}}
 @String {FlorIl-short  = {FlorIl}}
 @String {FMRD-short  = {FMRD}}
 @String {FMROe-short  = {FMRÖ}}%*Abweichung!
 @String {FoggArtMusAcqu-short  = {FoggArtMusAcqu}}
 @String {FolA-short  = {FolA}}
 @String {FolOr-short  = {FolOr}}
 @String {Fonaments-short  = {Fonaments}}
 @String {Fondamenti-short  = {Fondamenti}}
 @String {FontAPos-short  = {FontAPos}}
 @String {Fontes-short  = {Fontes}}
 @String {Forlimpopoli-short  = {Forlimpopoli}}
 @String {Fornvaennen-short  = {Fornvännen}}%*Abweichung!
 @String {Forum-short  = {Forum}}
 @String {FR-short  = {FR}}
 @String {FruehMitAltSt-short  = {FrühMitAltSt}}%*Abweichung!
 @String {FuAusgrTrier-short  = {FuAusgrTrier}}
 @String {FuB-short  = {FuB}}
 @String {FuBerBadWuert-short  = {FuBerBadWürt}}%*Abweichung!
 @String {FuBerHessen-short  = {FuBerHessen}}
 @String {FuBerOe-short  = {FuBerÖ}}%*Abweichung!
 @String {FuBerSchwab-short  = {FuBerSchwab}}
 @String {FuF-short  = {FuF}}
 @String {FuWien-short  = {FuWien}}
 @String {GacNum-short  = {GacNum}}
 @String {Gades-short  = {Gades}}
 @String {Gallaecia-short  = {Gallaecia}}
 @String {Gallia-short  = {Gallia}}
 @String {GalliaInf-short  = {GalliaInf}}
 @String {GalliaInfAReg-short  = {GalliaInfAReg}}
 @String {GalliaPrehist-short  = {GalliaPrehist}}
 @String {GaR-short  = {GaR}}
 @String {GazBA-short  = {GazBA}}
 @String {Genava-short  = {Genava}}
 @String {GeoAnt-short  = {GeoAnt}}
 @String {Germania-short  = {Germania}}
 @String {Gesta-short  = {Gesta}}
 @String {GettyMusJ-short  = {GettyMusJ}}
 @String {GFA-short  = {GFA}}
 @String {GGA-short  = {GGA}}
 @String {GiornFilFerr-short  = {GiornFilFerr}}
 @String {GiornItFil-short  = {GiornItFil}}
 @String {GiornStorLun-short  = {GiornStorLun}}
 @String {GiRoccPalermo-short  = {GiRoccPalermo}}
 @String {Gladius-short  = {Gladius}}
 @String {GlasAJ-short  = {GlasAJ}}
 @String {GlasBeograd-short  = {GlasBeograd}}
 @String {GlasSarajevo-short  = {GlasSarajevo}}
 @String {Glotta-short  = {Glotta}}
 @String {Gnomon-short  = {Gnomon}}
 @String {GodDepA-short  = {GodDepA}}
 @String {GodMuzPlov-short  = {GodMuzPlov}}
 @String {GodMuzSof-short  = {GodMuzSof}}
 @String {GodZborSkopje-short  = {GodZborSkopje}}
 @String {GorLet-short  = {GorLet}}
 @String {GoettMisz-short  = {GöttMisz}}%*Abweichung!
 @String {GraRaspr-short  = {GraRaspr}}
 @String {GrazBeitr-short  = {GrazBeitr}}
 @String {GrLatOr-short  = {GrLatOr}}
 @String {GrLatPrag-short  = {GrLatPrag}}
 @String {GrRomByzSt-short  = {GrRomByzSt}}
 @String {Gymnasium-short  = {Gymnasium}}
 @String {Habis-short  = {Habis}}
 @String {HallWPr-short  = {HallWPr}}
 @String {Hama-short  = {Hama}}
 @String {HambBeitrA-short  = {HambBeitrA}}
 @String {HambBeitrNum-short  = {HambBeitrNum}}
 @String {Handlingar-short  = {Handlingar}}
 @String {HarvStClPhil-short  = {HarvStClPhil}}
 @String {HarvTheolR-short  = {HarvTheolR}}
 @String {HASB-short  = {HASB}}
 @String {HAW-short  = {HAW}}
 @String {HdArch-short  = {HdArch}}
 @String {Head-short  = {Head}}
 @String {Helbig-short  = {Helbig}}
 @String {Helike-short  = {Helike}}
 @String {Helikon-short  = {Helikon}}
 @String {Helinium-short  = {Helinium}}
 @String {Helios-short  = {Helios}}
 @String {HellenikaJb-short  = {HellenikaJb}}
 @String {HelvA-short  = {HelvA}}
 @String {Hephaistos-short  = {Hephaistos}}
 @String {Hermes-short  = {Hermes}}
 @String {Herrscherbild-short  = {Herrscherbild}}
 @String {Hesperia-short  = {Hesperia}}
 @String {Hispania-short  = {Hispania}}
 @String {HispAnt-short  = {HispAnt}}
 @String {HispAntEpigr-short  = {HispAntEpigra}}
 @String {HispEpigr-short  = {HispEpigr}}
 @String {HistAnthr-short  = {HistAnthr}}
 @String {HistArt-short  = {HistArt}}
 @String {Historia-short  = {Historia}}
 @String {Historica-short  = {Historica}}
 @String {Histria-short  = {Histria}}
 @String {HistriaA-short  = {HistriaA}}
 @String {HistriaAnt-short  = {HistriaAnt}}
 @String {HistSprF-short  = {HistSprF}}
 @String {HKL-short  = {HKL}}
 @String {Horos-short  = {Horos}}
 @String {HSS-short  = {HSS}}
 @String {HuelvaA-short  = {HuelvaA}}
 @String {HumBild-short  = {HumBild}}
 @String {Hyp-short  = {Hyp}}
 @String {HZ-short  = {HZ}}
 @String {IA-short  = {IA}}
 @String {Iberia-short  = {Iberia}}
 @String {IEJ-short  = {IEJ}}
 @String {IG-short  = {IG}}
 @String {IGCH-short  = {IGCH}}
 @String {IGR-short  = {IGR}}
 @String {IK-short  = {IK}}
 @String {Ilerda-short  = {Ilerda}}
 @String {Iliria-short  = {Iliria}}
 @String {IllinClSt-short  = {IllinClSt}}
 @String {ILN-short  = {ILN}}
 @String {ILS-short  = {ILS}}
 @String {IndexQuad-short  = {IndexQuad}}
 @String {IndogermF-short  = {IndogermF}}
 @String {IndUnArtB-short  = {IndUnArtB}}
 @String {InsFulc-short  = {InsFulc}}
 @String {InstNautAQ-short  = {InstNautAQ}}
 @String {IntJClTrad-short  = {IntJClTrad}}
 @String {IntJNautA-short  = {IntJNautA}}
 @String {IntZSchauBibelWiss-short  = {IntZSchauBibelWiss}}
 @String {InvLuc-short  = {InvLuc}}
 @String {Ipek-short  = {Ipek}}
 @String {Iran-short  = {Iran}}
 @String {IrAnt-short  = {IrAnt}}
 @String {IsrMusJ-short  = {IsrMusJ}}
 @String {IsrMusN-short  = {IsrMusN}}
 @String {IsrMusStA-short  = {IsrMusStA}}
 @String {IsrNumJ-short  = {IsrNumJ}}
 @String {IstanbAMuezYil-short  = {IstanbAMüzYıl}}%*Abweichung!
 @String {IstForsch-short  = {IstForsch}}
 @String {Isthmia-short  = {Isthmia}}
 @String {IstMitt-short  = {IstMitt}}
 @String {Italica-short  = {Italica}}
 @String {ItNostr-short  = {ItNostr}}
 @String {IzvBurgas-short  = {IzvBurgas}}
 @String {IzvMuzJuzBalg-short  = {IzvMuzJužBalg}}%*Abweichung!
 @String {IzvVarna-short  = {IzvVarna}}
 @String {Jabega-short  = {Jábega}}%*Abweichung!
 @String {JadrZbor-short  = {JadrZbor}}
 @String {JAOS-short  = {JAOS}}
 @String {JARCE-short  = {JARCE}}
 @String {JASc-short  = {JASc}}
 @String {JbAC-short  = {JbAC}}
 @String {JbAkMainz-short  = {JbAkMainz}}
 @String {JbBadWuert-short  = {JbBadWürt}}%*Abweichung!
 @String {JbBerlMus-short  = {JbBerlMus}}
 @String {JbBernHistMus-short  = {JbBernHistMus}}
 @String {JberAugst-short  = {JberAugst}}
 @String {JberBasel-short  = {JberBasel}}
 @String {JberBayDenkmPfl-short  = {JberBayDenkmPfl}}
 @String {JberProVindon-short  = {JberProVindon}}
 @String {JberVgFrankf-short  = {JberVgFrankf}}
 @String {JberZuerich-short  = {JberZürich}}%*Abweichung!
 @String {JbGoett-short  = {JbGött}}%*Abweichung!
 @String {JbHambKuSamml-short  = {JbHambKuSamml}}
 @String {JbKHMWien-short  = {JbKHMWien}}
 @String {JbKHSWien-short  = {JbKHSWien}}
 @String {JbKleinasF-short  = {JbKleinasF}}
 @String {JbMuench-short  = {JbMünch}}%*Abweichung!
 @String {JbMusKGHamb-short  = {JbMusKGHamb}}
 @String {JbMusLinz-short  = {JbMusLinz}}
 @String {JbOeByz-short  = {JbÖByz}}%*Abweichung!
 @String {JbPreussKul-short  = {JbPreussKul}}
 @String {JbRGZM-short  = {JbRGZM}}
 @String {JbSchwUrgesch-short  = {JbSchwUrgesch}}
 @String {JCS-short  = {JCS}}
 @String {JdI-short  = {JdI}}
 @String {JEA-short  = {JEA}}
 @String {JEChrSt-short  = {JEChrSt}}
 @String {JEOL-short  = {JEOL}}
 @String {JewelSt-short  = {JewelSt}}
 @String {JFieldA-short  = {JFieldA}}
 @String {JGS-short  = {JGS}}
 @String {JHS-short  = {JHS}}
 @String {JIbA-short  = {JIbA}}
 @String {JJurP-short  = {JJurP}}
 @String {JKuGesch-short  = {JKuGesch}}
 @String {JMedA-short  = {JMedA}}
 @String {JMedAnthrA-short  = {JMedAnthrA}}
 @String {JMithrSt-short  = {JMithrSt}}
 @String {JNES-short  = {JNES}}
 @String {JNG-short  = {JNG}}
 @String {JPrehistRel-short  = {JPrehistRel}}
 @String {JRA-short  = {JRA}}
 @String {JRomMilSt-short  = {JRomMilSt}}
 @String {JRomPotSt-short  = {JRomPotSt}}
 @String {JRS-short  = {JRS}}
 @String {JSav-short  = {JSav}}
 @String {JSchrVgHalle-short  = {JSchrVgHalle}}
 @String {JSS-short  = {JSS}}
 @String {JTheorA-short  = {JTheorA}}
 @String {Jura-short  = {Jura}}
 @String {JWaltersArtGal-short  = {JWaltersArtGal}}
 @String {JWCI-short  = {JWCI}}
 @String {Kadmos-short  = {Kadmos}}
 @String {Kairos-short  = {Kairos}}
 @String {Kalapodi-short  = {Kalapodi}}
 @String {Kalathos-short  = {Kalathos}}
 @String {Kalos-short  = {Kalós}}%*Abweichung!
 @String {Karthago-short  = {Karthago}}
 @String {Kemi-short  = {Kêmi}}%*Abweichung!
 @String {Kenchreai-short  = {Kenchreai}}
 @String {KentAR-short  = {KentAR}}
 @String {Keos-short  = {Keos}}
 @String {Kerameikos-short  = {Kerameikos}}
 @String {Kernos-short  = {Kernos}}
 @String {Klearchos-short  = {Klearchos}}
 @String {Kleos-short  = {Kleos}}
 @String {Klio-short  = {Klio}}
 @String {Kodai-short  = {Kodai}}
 @String {KoelnJb-short  = {KölnJb}}%*Abweichung!
 @String {KoelnMusB-short  = {KölnMusB}}%*Abweichung!
 @String {Kokalos-short  = {Kokalos}}
 @String {KollAVA-short  = {KollAVA}}
 @String {Kratylos-short  = {Kratylos}}
 @String {KretChron-short  = {KretChron}}
 @String {KSIA-short  = {KSIA}}
 @String {KSIAKiev-short  = {KSIAKiev}}
 @String {KST-short  = {KST}}
 @String {Ktema-short  = {Ktema}}
 @String {KuGeschAnz-short  = {KuGeschAnz}}
 @String {Kuml-short  = {Kuml}}
 @String {Kunstchronik-short  = {Kunstchronik}}
 @String {KuOr-short  = {KuOr}}
 @String {Kush-short  = {Kush}}
 @String {KuWeltBerlMus-short  = {KuWeltBerlMus}}
 @String {KypA-short  = {KypA}}
 @String {KypSpud-short  = {KypSpud}}
 @String {Labeo-short  = {Labeo}}
 @String {LAe-short  = {LÄ}}%*Abweichung!
 @String {Laietania-short  = {Laietania}}
 @String {Lampas-short  = {Lampas}}
 @String {Lancia-short  = {Lancia}}
 @String {LandKunVierJBl-short  = {LandKunVierJBl}}
 @String {LangOrAnc-short  = {LangOrAnc}}
 @String {Latinitas-short  = {Latinitas}}
 @String {Latomus-short  = {Latomus}}
 @String {Laverna-short  = {Laverna}}
 @String {LCS-short  = {LCS}}
 @String {Levant-short  = {Levant}}
 @String {Lexis-short  = {Lexis}}
 @String {LF-short  = {LF}}
 @String {LibSt-short  = {LibSt}}
 @String {LibyaAnt-short  = {LibyaAnt}}
 @String {LibycaBServAnt-short  = {LibycaBServAnt}}
 @String {LibycaTrav-short  = {LibycaTrav}}
 @String {Liddell-­Scott-Jones-short  = {Liddell -- ­Scott -- Jones}}%*Abweichung!
 @String {LIMC-short  = {LIMC}}
 @String {Limesforschungen-short  = {Limesforschungen}}
 @String {Lindos-short  = {Lindos}}
 @String {LingIt-short  = {LingIt}}
 @String {LTUR-short  = {LTUR}}
 @String {Lucentum-short  = {Lucentum}}
 @String {LundAR-short  = {LundAR}}
 @String {Lustrum-short  = {Lustrum}}
 @String {Lykia-short  = {Lykia}}
 @String {MacActaA-short  = {MacActaA}}
 @String {Maecenas-short  = {Maecenas}}
 @String {MAGesGraz-short  = {MAGesGraz}}
 @String {MAGesStei-short  = {MAGesStei}}
 @String {Maia-short  = {Maia}}
 @String {Mainake-short  = {Mainake}}
 @String {MAInstUngAk-short  = {MAInstUngAk}}
 @String {MainzZ-short  = {MainzZ}}
 @String {MakedNasl-short  = {MakedNasl}}
 @String {Makedonika-short  = {Makedonika}}
 @String {MAMA-short  = {MAMA}}
 @String {MAnthrWien-short  = {MAnthrWien}}
 @String {MARo-short  = {MAR}}
 @String {MarbWPr-short  = {MarbWPr}}
 @String {Marche-short  = {Marche}}
 @String {Mari-short  = {Mari}}
 @String {Marisia-short  = {Marisia}}
 @String {MarNero-short  = {MarNero}}
 @String {Marsyas-short  = {Marsyas}}
 @String {MascaJ-short  = {MascaJ}}
 @String {MascaP-short  = {MascaP}}
 @String {Mastia-short  = {Mastia}}
 @String {MatABSSR-short  = {MatABSSR}}
 @String {MatASevPri-short  = {MatASevPri}}
 @String {MatCercA-short  = {MatCercA}}
 @String {MatIsslA-short  = {MatIsslA}}
 @String {MatStar-short  = {MatStar}}
 @String {MatStarWczes-short  = {MatStarWczes}}
 @String {MatTestiCl-short  = {MatTestiCl}}
 @String {MatWczes-short  = {MatWczes}}
 @String {MAVA-short  = {MAVA}}
 @String {MB-short  = {MB}}
 @String {MBAH-short  = {MBAH}}
 @String {MBlVFruehGesch-short  = {MBlVFrühGesch}}%*Abweichung!
 @String {MDAIK-short  = {MDAIK}}
 @String {MDAVerb-short  = {MDAVerb}}
 @String {MdI-short  = {MdI}}
 @String {MDOG-short  = {MDOG}}
 @String {Meander-short  = {Meander}}
 @String {MedA-short  = {MedA}}
 @String {MedAnt-short  = {MedAnt}}
 @String {MeddelGlypt-short  = {MeddelGlypt}}
 @String {MeddelLund-short  = {MeddelLund}}
 @String {MeddelThor-short  = {MeddelThor}}
 @String {MededRom-short  = {MededRom}}
 @String {MedelhavsMusB-short  = {MedelhavsMusB}}
 @String {MedHistR-short  = {MedHistR}}
 @String {MedievA-short  = {MedievA}}
 @String {MediSec-short  = {MediSec}}
 @String {MEFRA-short  = {MEFRA}}
 @String {MelBeyrouth-short  = {MelBeyrouth}}
 @String {MelCasaVelazquez-short  = {MelCasaVelazquez}}
 @String {MemAcInscr-short  = {MemAcInscr}}
 @String {MemAmAc-short  = {MemAmAc}}
 @String {MemAnt-short  = {MemAnt}}
 @String {MemAntFr-short  = {MemAntFr}}
 @String {MemBarcelA-short  = {MemBarcelA}}
 @String {MemBologna-short  = {MemBologna}}
 @String {MemHistAnt-short  = {MemHistAnt}}
 @String {MemInstNatFr-short  = {MemInstNatFr}}
 @String {MemLinc-short  = {MemLinc}}
 @String {MemNap-short  = {MemNap}}
 @String {MemPontAc-short  = {MemPontAc}}
 @String {MemStor-short  = {MemStor}}
 @String {MemStorFriuli-short  = {MemStorFriuli}}
 @String {Merida-short  = {Mérida}}%*Abweichung!
 @String {MeridaMem-short  = {MéridaMem}}%*Abweichung!
 @String {Meroitica-short  = {Meroitica}}
 @String {Mesopotamia-short  = {Mesopotamia}}
 @String {Messana-short  = {Messana}}
 @String {Metis-short  = {Métis}}%*Abweichung!
 @String {MetrMusJ-short  = {MetrMusJ}}
 @String {MetrMusSt-short  = {MetrMusSt}}
 @String {MF-short  = {MF}}
 @String {MFruehChrOe-short  = {MFrühChrÖ}}%*Abweichung!
 @String {Milet-short  = {Milet}}
 @String {MilForsch-short  = {MilForsch}}
 @String {MinEpigrP-short  = {MinEpigrP}}
 @String {Minerva-short  = {Minerva}}
 @String {Minos-short  = {Minos}}
 @String {MInstWasser-short  = {MInstWasser}}
 @String {MIO-short  = {MIO}}
 @String {MiscCrAnt-short  = {MiscCrAnt}}
 @String {MiscStStor-short  = {MiscStStor}}
 @String {MitChrA-short  = {MitChrA}}
 @String {MKT-short  = {MKT}}
 @String {MKuHistFlorenz-short  = {MKuHistFlorenz}}
 @String {MKul-short  = {MKul}}
 @String {MM-short  = {MM}}
 @String {Mnemosyne-short  = {Mnemosyne}}
 @String {MOeNumGes-short  = {MÖNumGes}}%*Abweichung!
 @String {MonAnt-short  = {MonAnt}}
 @String {MonInst-short  = {MonInst}}
 @String {MonPiot-short  = {MonPiot}}
 @String {MonPitt-short  = {MonPitt}}
 @String {Mozia-short  = {Mozia}}
 @String {MPraehistKomWien-short  = {MPraehistKomWien}}%*Abweichung!
 @String {MSAtene-short  = {MSAtene}}
 @String {MSchliemann-short  = {MSchliemann}}
 @String {MSchwUrFruehGesch-short  = {MSchwUrFrühGesch}}%*Abweichung!
 @String {MSpaetAByz-short  = {MSpätAByz}}%*Abweichung!
 @String {MueJb-short  = {MüJb}}%*Abweichung!
 @String {MuenchBeitrVFG-short  = {MünchBeitrVFG}}%*Abweichung!
 @String {MuenchStSprWiss-short  = {MünchStSprWiss}}%*Abweichung!
 @String {MuM-short  = {MuM}}
 @String {MusAfr-short  = {MusAfr}}
 @String {MusBenaki-short  = {MusBenaki}}
 @String {MusCrit-short  = {MusCrit}}
 @String {Muse-short  = {Muse}}
 @String {Museon-short  = {Muséon}}%*Abweichung!
 @String {MuseumUnesco-short  = {MuseumUnesco}}
 @String {MusFerr-short  = {MusFerr}}
 @String {MusGalIt-short  = {MusGalIt}}
 @String {MusHaaretz-short  = {MusHaaretz}}
 @String {MusHelv-short  = {MusHelv}}
 @String {MusKoeln-short  = {MusKöln}}%*Abweichung!
 @String {MusNotAmNumSoc-short  = {MusNotAmNumSoc}}
 @String {MusPontevedra-short  = {MusPontevedra}}
 @String {MusRiv-short  = {MusRiv}}
 @String {MusTusc-short  = {MusTusc}}
 @String {MuzEvkSzeged-short  = {MuzEvkSzeged}}
 @String {MuzNa-short  = {MuzNa}}
 @String {MuzPamKul-short  = {MuzPamKul}}
 @String {NachrArbUWA-short  = {NachrArbUWA}}
 @String {NapNobil-short  = {NapNobil}}
 @String {NassAnn-short  = {NassAnn}}
 @String {NAWG-short  = {NAWG}}
 @String {NBWorcArtMus-short  = {NBWorcArtMus}}
 @String {NEphemSemEpigr-short  = {NEphemSemEpigr}}
 @String {NewsletterAthen-short  = {NewsletterAthen}}
 @String {NewsletterPotTech-short  = {NewsletterPotTech}}
 @String {NGWG-short  = {NGWG}}
 @String {NigCl-short  = {NigCl}}
 @String {Nikephoros-short  = {Nikephoros}}
 @String {Nin-short  = {Nin}}
 @String {NNM-short  = {NNM}}
 @String {NomChron-short  = {NomChron}}
 @String {Norba-short  = {Norba}}
 @String {NordNumArs-short  = {NordNumArs}}
 @String {NotABerg-short  = {NotABerg}}
 @String {NotAHisp-short  = {NotAHisp}}
 @String {NotAHispPrehistoria-short  = {NotAHispPrehistoria}}
 @String {NotAllumiere-short  = {NotAllumiere}}
 @String {NotALomb-short  = {NotALomb}}
 @String {NotMilano-short  = {NotMilano}}
 @String {NouvClio-short  = {NouvClio}}
 @String {Novaensia-short  = {Novaensia}}
 @String {NSc-short  = {NSc}}
 @String {NStFan-short  = {NStFan}}
 @String {NubChr-short  = {NubChr}}
 @String {NubLet-short  = {NubLet}}
 @String {NueBlA-short  = {NüBlA}}%*Abweichung!
 @String {NumAntCl-short  = {NumAntCl}}
 @String {Numantia-short  = {Numantia}}
 @String {NumChron-short  = {NumChron}}
 @String {Numen-short  = {Numen}}
 @String {NumEpigr-short  = {NumEpigr}}
 @String {Numisma-short  = {Numisma}}
 @String {NumismaticaRom-short  = {NumismaticaRom}}
 @String {Numizmaticar-short  = {Numizmatičar}}%*Abweichung!
 @String {Nummus-short  = {Nummus}}
 @String {NumZ-short  = {NumZ}}
 @String {NuovDidask-short  = {NuovDidask}}
 @String {OccasPublClSt-short  = {OccasPublClSt}}
 @String {OccOr-short  = {OccOr}}
 @String {OGIS-short  = {OGIS}}
 @String {OeJh-short  = {ÖJh}}%*Abweichung!
 @String {OF-short  = {OF}}
 @String {Offa-short  = {Offa}}
 @String {Ogam-short  = {Ogam}}
 @String {Oikumene-short  = {Oikumene}}
 @String {OIP-short  = {OIP}}
 @String {Olba-short  = {Olba}}
 @String {OlBer-short  = {OlBer}}
 @String {Olympia-short  = {Olympia}}
 @String {Olynthus-short  = {Olynthus}}
 @String {OLZ-short  = {OLZ}}
 @String {OpArch-short  = {OpArch}}
 @String {OpAth-short  = {OpAth}}
 @String {OpFin-short  = {OpFin}}
 @String {OpPomp-short  = {OpPomp}}
 @String {OpRom-short  = {OpRom}}
 @String {Opus-short  = {Opus}}
 @String {Or-short  = {Or}}
 @String {OrA-short  = {OrA}}
 @String {OrAnt-short  = {OrAnt}}
 @String {OrbTerr-short  = {OrbTerr}}
 @String {OrChr-short  = {OrChr}}
 @String {OrChrPer-short  = {OrChrPer}}
 @String {Ordona-short  = {Ordona}}
 @String {Orient-short  = {Orient}}
 @String {Origini-short  = {Origini}}
 @String {Orizzonti-short  = {Orizzonti}}
 @String {Orpheus-short  = {Orpheus}}
 @String {OrpheusThracSt-short  = {OrpheusThracSt}}
 @String {OrSu-short  = {OrSu}}
 @String {OsjZbor-short  = {OsjZbor}}
 @String {OstbGrenzm-short  = {OstbGrenzm}}
 @String {Ostraka-short  = {Ostraka}}
 @String {OudhMeded-short  = {OudhMeded}}
 @String {OxfJA-short  = {OxfJA}}
 @String {OxfStPhilos-short  = {OxfStPhilos}}
 @String {Pact-short  = {Pact}}
 @String {Padusa-short  = {Padusa}}
 @String {PagA-short  = {PagA}}
 @String {PAI-short  = {PAI}}
 @String {Paideuma-short  = {Paideuma}}
 @String {Palaeohistoria-short  = {Palaeohistoria}}
 @String {Paleohispanica-short  = {Paleohispánica}}%*Abweichung!
 @String {Palladio-short  = {Palladio}}
 @String {Pallas-short  = {Pallas}}
 @String {Palmet-short  = {Palmet}}
 @String {PamA-short  = {PamA}}
 @String {Pan-short  = {Pan}}
 @String {PapBilb-short  = {PapBilb}}
 @String {Papyri-short  = {Papyri}}
 @String {Parthica-short  = {Parthica}}
 @String {Partenope-short  = {Partenope}}
 @String {PAS-short  = {PAS}}
 @String {PBF-short  = {PBF}}
 @String {Pegasus-short  = {Pegasus}}
 @String {PEQ-short  = {PEQ}}
 @String {Peristil-short  = {Peristil}}
 @String {Persica-short  = {Persica}}
 @String {Peuce-short  = {Peuce}}
 @String {PF-short  = {PF}}
 @String {Pharos-short  = {Pharos}}
 @String {Philologus-short  = {Philologus}}
 @String {Phoenix-short  = {Phoenix}}
 @String {PhoenixExOrLux-short  = {PhoenixExOrLux}}
 @String {Phoibos-short  = {Phoibos}}
 @String {Phronesis-short  = {Phronesis}}
 @String {Picus-short  = {Picus}}
 @String {LPIR-short  = {LPIR}}
 @String {PKG-short  = {PKG}}
 @String {Platon-short  = {Platon}}
 @String {PLup-short  = {PLup}}
 @String {PolAMed-short  = {PolAMed}}
 @String {Polemon-short  = {Polemon}}
 @String {Polis-short  = {Polis}}
 @String {PompHercStab-short  = {PompHercStab}}
 @String {Pontica-short  = {Pontica}}
 @String {Portugalia-short  = {Portugalia}}
 @String {PP-short  = {PP}}
 @String {PPM-short  = {PPM}}
 @String {PraceA-short  = {PraceA}}
 @String {PraceMatLodz-short  = {PraceMatŁodz}}%*Abweichung!
 @String {Prakt-short  = {Prakt}}
 @String {PraktAkAth-short  = {PraktAkAth}}
 @String {PreistAlp-short  = {PreistAlp}}
 @String {PriloziZagreb-short  = {PriloziZagreb}}
 @String {PrincViana-short  = {PrincViana}}
 @String {ProblIsk-short  = {ProblIsk}}
 @String {ProcAfrClAss-short  = {ProcAfrClAss}}
 @String {ProcCambrPhilSoc-short  = {ProcCambrPhilSoc}}
 @String {ProcDanInstAth-short  = {ProcDanInstAth}}
 @String {ProcPrehistSoc-short  = {ProcPrehistSoc}}
 @String {Prometheus-short  = {Prometheus}}
 @String {ProspAQuad-short  = {ProspAQuad}}
 @String {Prospettiva-short  = {Prospettiva}}
 @String {Prospezioni-short  = {Prospezioni}}
 @String {ProvHist-short  = {ProvHist}}
 @String {ProvLucca-short  = {ProvLucca}}
 @String {PublInstTTMeneses-short  = {PublInstTTMeneses}}
 @String {Pulpudeva-short  = {Pulpudeva}}
 @String {Puteoli-short  = {Puteoli}}
 @String {Pyrenae-short  = {Pyrenae}}
 @String {PZ-short  = {PZ}}
 @String {QDAP-short  = {QDAP}}
 @String {QuadABarcel-short  = {QuadABarcel}}
 @String {QuadACagl-short  = {QuadACagl}}
 @String {QuadACal-short  = {QuadACal}}
 @String {QuadALibya-short  = {QuadALibya}}
 @String {QuadAMant-short  = {QuadAMant}}
 @String {QuadAMess-short  = {QuadAMess}}
 @String {QuadAOst-short  = {QuadAOst}}
 @String {QuadAPiem-short  = {QuadAPiem}}
 @String {QuadAquil-short  = {QuadAquil}}
 @String {QuadAReggio-short  = {QuadAReggio}}
 @String {QuadAVen-short  = {QuadAVen}}
 @String {QuadCast-short  = {QuadCast}}
 @String {QuadCat-short  = {QuadCat}}
 @String {QuadChieti-short  = {QuadChieti}}
 @String {QuadErb-short  = {QuadErb}}
 @String {QuadFriulA-short  = {QuadFriulA}}
 @String {QuadGerico-short  = {QuadGerico}}
 @String {QuadIstFilGr-short  = {QuadIstFilGr}}
 @String {QuadIstLat-short  = {QuadIstLat}}
 @String {QuadLecce-short  = {QuadLecce}}
 @String {QuadMusPontecorvo-short  = {QuadMusPontecorvo}}
 @String {QuadMusSalinas-short  = {QuadMusSalinas}}
 @String {QuadProtost-short  = {QuadProtost}}
 @String {QuadStLun-short  = {QuadStLun}}
 @String {QuadStor-short  = {QuadStor}}
 @String {QuadStorici-short  = {QuadStorici}}
 @String {QuadUrbin-short  = {QuadUrbin}}
 @String {Quaternaria-short  = {Quaternaria}}
 @String {RA-short  = {RA}}
 @String {RAArtLouv-short  = {RAArtLouv}}
 @String {RAC-short  = {RAC}}
 @String {RACFr-short  = {RACFr}}
 @String {RAComo-short  = {RAComo}}
 @String {RACr-short  = {RACr}}
 @String {RadAkZadar-short  = {RadAkZadar}}
 @String {Radiocarbon-short  = {Radiocarbon}}
 @String {RadSplit-short  = {RadSplit}}
 @String {RAE-short  = {RAE}}
 @String {Raggi-short  = {Raggi}}
 @String {RAMadrid-short  = {RAMadrid}}
 @String {RANarb-short  = {RANarb}}
 @String {RAPon-short  = {RAPon}}
 @String {RapWyk-short  = {RapWyk}}
 @String {RArchBiblMus-short  = {RArchBiblMus}}
 @String {RArcheom-short  = {RArcheom}}
 @String {RArtMus-short  = {RArtMus}}
 @String {RassAPiomb-short  = {RassAPiomb}}
 @String {RassLazio-short  = {RassLazio}}
 @String {RassStorSalern-short  = {RassStorSalern}}
 @String {RassVolt-short  = {RassVolt}}
 @String {RAssyr-short  = {RAssyr}}
 @String {Ratiariensia-short  = {Ratiariensia}}
 @String {RAtlMed-short  = {RAtlMed}}
 @String {RavStRic-short  = {RavStRic}}
 @String {Raydan-short  = {Raydan}}
 @String {RB-short  = {RB}}
 @String {RBelgNum-short  = {RBelgNum}}
 @String {RBelgPhilHist-short  = {RBelgPhilHist}}
 @String {LRBK-short  = {LRBK}}
 @String {RCulClMedioev-short  = {RCulClMedioev}}
 @String {RdA-short  = {RdA}}
 @String {RDAC-short  = {RDAC}}
 @String {RdE-short  = {RdE}}
 @String {RDroitsAnt-short  = {RDroitsAnt}}
 @String {RE-short  = {RE}}
 @String {REA-short  = {REA}}
 @String {REByz-short  = {REByz}}
 @String {RecConstantine-short  = {RecConstantine}}
 @String {RechACrac-short  = {RechACrac}}
 @String {RechAlb-short  = {RechAlb}}
 @String {RecMusAlcoi-short  = {RecMusAlcoi}}
 @String {RecTrav-short  = {RecTrav}}
 @String {REG-short  = {REG}}
 @String {ReiCretActa-short  = {ReiCretActa}}
 @String {ReiCretCommunic-short  = {ReiCretCommunic}}
 @String {REL-short  = {REL}}
 @String {Rema-short  = {Rema}}
 @String {RendBologna-short  = { RendBologna}}
 @String {RendIstLomb-short  = {RendIstLomb}}
 @String {RendLinc-short  = {RendLinc}}
 @String {RendNap-short  = {RendNap}}
 @String {RendPontAc-short  = {RendPontAc}}
 @String {RepMalta-short  = {RepMalta}}
 @String {Reppal-short  = {Reppal}}
 @String {RepSocLibSt-short  = {RepSocLibSt}}
 @String {RES-short  = {RES}}
 @String {REstIber-short  = {REstIber}}
 @String {REtArm-short  = {REtArm}}
 @String {RevEg-short  = {RevEg}}
 @String {RFil-short  = {RFil}}
 @String {RGeorgCauc-short  = {RGeorgCauc}}
 @String {RGF-short  = {RGF}}
 @String {RGuimar-short  = {RGuimar}}
 @String {RHA-short  = {RHA}}
 @String {RheinMusBonn-short  = {RheinMusBonn}}
 @String {RHistArmees-short  = {RHistArmees}}%*Abweichung!
 @String {RHistRel-short  = {RHistRel}}
 @String {RhM-short  = {RhM}}
 @String {RIA-short  = {RIA}}
 @String {RIC-short  = {RIC}}
 @String {RicEgAntCopt-short  = {RicEgAntCopt}}
 @String {RicognA-short  = {RicognA}}
 @String {RicStBrindisi-short  = {RicStBrindisi}}
 @String {RIngIntem-short  = {RIngIntem}}
 @String {RItNum-short  = {RItNum}}
 @String {RlA-short  = {RlA}}
 @String {RLouvre-short  = {RLouvre}}
 @String {RM-short  = {RM}}
 @String {RNum-short  = {RNum}}
 @String {RoczMuzWarsz-short  = {RoczMuzWarsz}}
 @String {RoemOe-short  = {RömÖ}}%*Abweichung!
 @String {RoemQSchr-short  = {RömQSchr}}%*Abweichung!
 @String {Romanobarbarica-short  = {Romanobarbarica}}
 @String {RomGens-short  = {RomGens}}
 @String {RoscherML-short  = {Roscher, ML}}%*Abweichung!
 @String {RossA-short  = {RossA}}
 @String {RPC-short  = {RPC}}
 @String {RPhil-short  = {RPhil}}
 @String {RPortA-short  = {RPortA}}
 @String {RPorto-short  = {RPorto}}
 @String {RRC-short  = {RRC}}
 @String {RSaintonge-short  = {RSaintonge}}
 @String {RScPreist-short  = {RScPreist}}
 @String {RSO-short  = {RSO}}
 @String {RStBiz-short  = {RStBiz}}
 @String {RStCl-short  = {RStCl}}
 @String {RStFen-short  = {RStFen}}
 @String {RStLig-short  = {RStLig}}
 @String {RStMarch-short  = {RStMarch}}
 @String {RStorAnt-short  = {RStorAnt}}
 @String {RStorCal-short  = {RStorCal}}
 @String {RStPomp-short  = {RStPomp}}
 @String {RStPun-short  = {RStPun}}
 @String {RTopAnt-short  = {RTopAnt}}
 @String {Rudiae-short  = {Rudiae}}
 @String {SaalbJb-short  = {SaalbJb}}
 @String {SaarBeitr-short  = {SaarBeitr}}
 @String {SaarStMat-short  = {SaarStMat}}
 @String {Sacer-short  = {Sacer}}
 @String {Saeculum-short  = {Saeculum}}
 @String {SAGA-short  = {SAGA}}
 @String {SaggiFen-short  = {SaggiFen}}
 @String {Saguntum-short  = {Saguntum}}
 @String {Saitabi-short  = {Saitabi}}
 @String {SAK-short  = {SAK}}
 @String {Salduie-short  = {Salduie}}
 @String {Samothrace-short  = {Samothrace}}
 @String {Sandalion-short  = {Sandalion}}
 @String {Sardis-short  = {Sardis}}
 @String {Sargetia-short  = {Sargetia}}
 @String {SarkSt-short  = {SarkSt}}
 @String {Sautuola-short  = {Sautuola}}
 @String {Savaria-short  = {Savaria}}
 @String {SBBerlin-short  = {SBBerlin}}
 @String {SBLeipzig-short  = {SBLeipzig}}
 @String {SBMuenchen-short  = {SBMünchen}}%*Abweichung!
 @String {SborBrno-short  = {SborBrno}}
 @String {SBWien-short  = {SBWien}}
 @String {ScAnt-short  = {ScAnt}}
 @String {SCE-short  = {SCE}}
 @String {SchildStei-short  = {SchildStei}}
 @String {Scholia-short  = {Scholia}}
 @String {SchwMueBl-short  = {SchwMüBl}}%*Abweichung!
 @String {SchwNumRu-short  = {SchwNumRu}}
 @String {ScrCiv-short  = {ScrCiv}}
 @String {ScrClIsr-short  = {ScrClIsr}}
 @String {ScrHieros-short  = {ScrHieros}}
 @String {ScrMed-short  = {ScrMed}}
 @String {SDAIK-short  = {SDAIK}}
 @String {SEG-short  = {SEG}}
 @String {SeminRom-short  = {SeminRom}}
 @String {Semitica-short  = {Semitica}}
 @String {SetubalA-short  = {SetubalA}}
 @String {Sibrium-short  = {Sibrium}}
 @String {SicA-short  = {SicA}}
 @String {SicGymn-short  = {SicGymn}}
 @String {SIG-short  = {SIG}}
 @String {Sileno-short  = {Sileno}}
 @String {SilkRoadArtA-short  = {SilkRoadArtA}}
 @String {SIMA-short  = {SIMA}}
 @String {Simblos-short  = {Simblos}}
 @String {Skyllis-short  = {Skyllis}}
 @String {SlovA-short  = {SlovA}}
 @String {SlovNum-short  = {SlovNum}}
 @String {SMEA-short  = {SMEA}}
 @String {SNG-short  = {SNG}}
 @String {SocGeoAOran-short  = {SocGeoAOran}}
 @String {SoobErmit-short  = {SoobErmit}}
 @String {SoobMuzMoskva-short  = {SoobMuzMoskva}}
 @String {SovA-short  = {SovA}}
 @String {Spal-short  = {Spal}}
 @String {SpNov-short  = {SpNov}}
 @String {Spoletium-short  = {Spoletium}}
 @String {StA-short  = {StA}}
 @String {Stadion-short  = {Stadion}}
 @String {StaedelJb-short  = {StädelJb}}%*Abweichung!
 @String {StAeg-short  = {StAeg}}
 @String {StAlb-short  = {StAlb}}
 @String {StAnt-short  = {StAnt}}
 @String {Starinar-short  = {Starinar}}
 @String {StAWarsz-short  = {StAWarsz}}
 @String {StBiFranc-short  = {StBiFranc}}
 @String {StBitont-short  = {StBitont}}
 @String {StBoT-short  = {StBoT}}
 @String {StCercIstorV-short  = {StCercIstorV}}
 @String {StCercNum-short  = {StCercNum}}
 @String {StCl-short  = {StCl}}
 @String {StClOr-short  = {StClOr}}
 @String {StDocA-short  = {StDocA}}
 @String {StDocHistIur-short  = {StDocHistIur}}
 @String {StEbla-short  = {StEbla}}
 @String {StEgAntPun-short  = {StEgAntPun}}
 @String {SteMat-short  = {SteMat}}
 @String {StEpigrLing-short  = {StEpigrLing}}
 @String {StEtr-short  = {StEtr}}
 @String {StGenu-short  = {StGenu}}
 @String {StHist-short  = {StHist}}
 @String {StiftHambKuSamml-short  = {StiftHambKuSamml}}
 @String {StItFilCl-short  = {StItFilCl}}
 @String {StLatIt-short  = {StLatIt}}
 @String {StMagreb-short  = {StMagreb}}
 @String {StMatStorRel-short  = {StMatStorRel}}
 @String {StOliv-short  = {StOliv}}
 @String {StOr-short  = {StOr}}
 @String {StOrCr-short  = {StOrCr}}
 @String {StP-short  = {StP}}
 @String {StrennaRom-short  = {StrennaRom}}
 @String {StRom-short  = {StRom}}
 @String {StRomagn-short  = {StRomagn}}
 @String {StSalent-short  = {StSalent}}
 @String {StSard-short  = {StSard}}
 @String {StStorRel-short  = {StStorRel}}
 @String {StTardoant-short  = {StTardoant}}
 @String {StTrentStor-short  = {StTrentStor}}
 @String {StTroica-short  = {StTroica}}
 @String {StUrbin-short  = {StUrbin}}
 @String {Sumer-short  = {Sumer}}
 @String {SylvaMala-short  = {Sylva Mala}}%*Abweichung!
 @String {SymbOslo-short  = {SymbOslo}}
 @String {Syria-short  = {Syria}}
 @String {SyrMesopSt-short  = {SyrMesopSt}}
 @String {TAD-short  = {TAD}}
 @String {Talanta-short  = {Talanta}}
 @String {TAM-short  = {TAM}}
 @String {Taras-short  = {Taras}}
 @String {Tarsus-short  = {ETarsus}}
 @String {TAVO-short  = {TAVO}}
 @String {TeherF-short  = {TeherF}}
 @String {Teiresias-short  = {Teiresias}}
 @String {TelAvivJA-short  = {TelAvivJA}}
 @String {TerraAntBalc-short  = {TerraAntBalc}}
 @String {TerraVolsci-short  = {TerraVolsci}}
 @String {Teruel-short  = {Teruel}}
 @String {TextilAnc-short  = {TextilAnc}}
 @String {TheolRu-short  = {TheolRu}}
 @String {ThesCRA-short  = {ThesCRA}}
 @String {Thessalika-short  = {Thessalika}}
 @String {Thessalonike-short  = {Thessalonike}}
 @String {Thieme-Becker-short  = {Thieme -- Becker}}%*Abweichung!
 @String {ThrakChron-short  = {ThrakChron}}
 @String {ThrakEp-short  = {ThrakEp}}
 @String {TIB-short  = {TIB}}
 @String {Tibiscus-short  = {Tibiscus}}
 @String {TiLeon-short  = {TiLeon}}
 @String {Tiryns-short  = {Tiryns}}
 @String {TMA-short  = {TMA}}
 @String {Topoi-short  = {Topoi}}
 @String {Torretta-short  = {Torretta}}
 @String {TourOrleOr-short  = {TourOrleOr}}
 @String {TrabAntrEtn-short  = {TrabAntrEtn}}
 @String {TrabArq-short  = {TrabArq}}
 @String {TrabAssArqPort-short  = {TrabAssArqPort}}
 @String {TrabNavarra-short  = {TrabNavarra}}
 @String {TrabPrehist-short  = {TrabPrehist}}
 @String {Traditio-short  = {Traditio}}
 @String {TransactAmPhilAss-short  = {TransactAmPhilAss}}
 @String {TransactAmPhilosSoc-short  = {TransactAmPhilosSoc}}
 @String {TransactLond-short  = {TransactLond}}
 @String {TravMem-short  = {TravMem}}
 @String {TravToulouse-short  = {TravToulouse}}
 @String {TreMonet-short  = {TreMonet}}
 @String {TribArq-short  = {TribArq}}
 @String {TrudyErmit-short  = {Trudy}}
 @String {TrWPr-short  = {TrWPr}}
 @String {TrZ-short  = {TrZ}}
 @String {TTKY-short  = {TTKY}}
 @String {TueBA-Ar-short  = {TüBA-Ar}}%*Abweichung!
 @String {Tyche-short  = {Tyche}}
 @String {UF-short  = {UF}}
 @String {UPA-short  = {UPA}}
 @String {LUrbe-short  = {L’Urbe}}%*Abweichung!
 @String {UrSchw-short  = {UrSchw}}
 @String {UVB-short  = {UVB}}
 @String {VarSpom-short  = {VarSpom}}
 @String {VDI-short  = {VDI}}
 @String {Vekove-short  = {Vekove}}
 @String {Veleia-short  = {Veleia}}
 @String {VenArt-short  = {VenArt}}
 @String {VerAmstMeded-short  = {VerAmstMeded}}
 @String {Verbanus-short  = {Verbanus}}
 @String {VeteraChr-short  = {VeteraChr}}
 @String {VGesVind-short  = {VGesVind}}
 @String {Vichiana-short  = {Vichiana}}
 @String {VicOr-short  = {VicOr}}
 @String {VigChr-short  = {VigChr}}
 @String {Viminacium-short  = {Viminacium}}
 @String {VisRel-short  = {VisRel}}
 @String {Vitudurum-short  = {Vitudurum}}
 @String {VivScyl-short  = {VivScyl}}
 @String {VizVrem-short  = {VizVrem}}
 @String {VjesAMuzZagreb-short  = {VjesAMuzZagreb}}
 @String {VjesDal-short  = {VjesDal}}
 @String {Wad-al-Hayara-short  = {Wad-al-Hayara}}
 @String {WeltGesch-short  = {WeltGesch}}
 @String {WiadA-short  = {WiadA}}
 @String {WissMBosn-short  = {WissMBosn}}
 @String {WissZBerl-short  = {WissZBerl}}
 @String {WissZHalle-short  = {WissZHalle}}
 @String {WissZJena-short  = {WissZJena}}
 @String {WissZRostock-short  = {WissZRostock}}
 @String {WO-short  = {WO}}
 @String {WorldA-short  = {WorldA}}
 @String {WSt-short  = {WSt}}
 @String {WuerzbJb-short  = {WürzbJb}}%*Abweichung!
 @String {WVDOG-short  = {WVDOG}}
 @String {WZKM-short  = {WZKM}}
 @String {Xenia-short  = {Xenia}}
 @String {XeniaAnt-short  = {XeniaAnt}}
 @String {XeniaKonst-short  = {XeniaKonst}}
 @String {YaleClSt-short  = {YaleClSt}}
 @String {YaleUnivB-short  = {YaleUnivB}}
 @String {ZA-short  = {ZA}}
 @String {ZAAK-short  = {ZAAK}}
 @String {ZAeS-short  = {ZÄS}}%*Abweichung!
 @String {ZAKSSchriften-short  = {ZAKSSchriften}}
 @String {ZAntChr-short  = {ZAntChr}}
 @String {ZAW-short  = {ZAW}}
 @String {ZborMuzBeograd-short  = {ZborMuzBeograd}}
 @String {ZborRadBeograd-short  = {ZborRadBeograd}}
 @String {ZborZadar-short  = {ZborZadar}}
 @String {ZDMG-short  = {ZDMG}}
 @String {ZDPV-short  = {ZDPV}}
 @String {Zephyrus-short  = {Zephyrus}}
 @String {ZEthn-short  = {ZEthn}}
 @String {ZfA-short  = {ZfA}}
 @String {ZfNum-short  = {ZfNum}}
 @String {ZivaAnt-short  = {ZivaAnt}}
 @String {ZKuGesch-short  = {ZKuGesch}}
 @String {ZNW-short  = {ZNW}}
 @String {ZPE-short  = {ZPE}}
 @String {ZSav-short  = {ZSav}}
 @String {ZSchwA-short  = {ZSchwA}}
 @String {ZVerglSprF-short  = {ZVerglSprF}}
%%%%%%%%%%%%%%%%%%%%%%%%%%%%%%%%%%%%%%%%%%%%%%%%%%%%%%%%%%%%%%
%%  %%
%% Langname    %%
%% %%
%%%%%%%%%%%%%%%%%%%%%%%%%%%%%%%%%%%%%%%%%%%%%%%%%%%%%%%%%%%%%%
 @String {AA = {Archäologischer Anzeiger}}
 @String {AAA = {Αρχαιολογικά Ανάλεκτα εξ Αθηνών}}
 @String {AAcque = {Archeologia delle acque. Rivista semestrale di antropologia, archeologia, etnografia, storia dell'acqua}}
 @String {AAdv = {The Archaeological Advertiser}}
 @String {AAJ = {Annual of the Department of Antiquities of Jordan}}
 @String {AAlpi = {Archeologia delle Alpi}}
 @String {AarbKob = {Aarbøger for nordisk oldkyndighed og historie}}%*Abweichung!
 @String {AArchit = {Archeologia dell'architettura}}
 @String {AAS = {Les annales archéologiques arabes syriennes}}
 @String {AASOR = {The Annual of the American Schools of Oriental Research}}
 @String {AAusgrBadWuert = {Archäologische Ausgrabungen in Baden-Württemberg}}%*Abweichung!
 @String {AAustr = {Archaeologia Austriaca}}
 @String {ABADY = {Archäologische Berichte aus dem Yemen}}
 @String {AbhBerlin = {Abhandlungen der Deutschen Akademie der Wissenschaften zu Berlin}}
 @String {AbhDuesseldorf = {Abhandlungen der Rheinisch-Westfälischen Akademie der Wissenschaften}}%*Abweichung!
 @String {AbhGoettingen = {Abhandlungen der Akademie der Wissenschaften zu Göttingen. Philologisch-Historische Klasse}}%*Abweichung!
 @String {AbhLeipzig = {Abhandlungen der Sächsischen Akademie der Wissenschaften zu Leipzig. Philologisch-Historische Klasse}}
 @String {AbhMainz = {Akademie der Wissenschaften und der Literatur in Mainz. Abhandlungen der Geistes- und Sozialwissenschaftlichen Klasse}}
 @String {AbhMuenchen = {Bayerische Akademie der Wissenschaften. Philosophisch-Historische Klasse. Abhandlungen}}%*Abweichung!
 @String {ABret = {Archéologie en Bretagne. Bulletin d'information}}
 @String {Abr-Nahrain = {Abr-Nahrain. An Annual Published by the Department of Middle Eastern Studies, University of Melbourne}}
 @String {ABulg = {Archaeologia Bulgarica}}
 @String {ABV = {J. D. Beazley, Attic Black-figure Vase-painters (Oxford 1956)}}
 @String {ACalc = {Archeologia e calcolatori}}
 @String {ACamp = {Archeologia in Campania. Bolletino di informazioni a cura della Soprintendenza archeologica delle province di Napoli e Caserta}}
 @String {ACant = {Archaeologia Cantiana}}
 @String {AcBibl = {Accademie e biblioteche d'Italia}}
 @String {Achse = {Achse, Rad und Wagen. Beiträge zur Geschichte der Landfahrzeuge}}
 @String {Acme = {Acme. Annali della Facoltà di lettere e filosofia dell'Università degli studi di Milano}}
 @String {Acontia = {Acontia. Revista de arqueología}}
 @String {ACors = {Archeologia corsa}}
 @String {ActaAArtHist = {Acta ad archaeologiam et artium historiam pertinentia}}
 @String {ActaAArtHist-sa = {Acta ad archaeologiam et artium historiam pertinentia. Series altera in 8}}%*Abweichung!
 @String {ActaAcAbo = {Acta Academiae Aboensis}}
 @String {ActaACarp = {Acta archaeologica Carpathica}}
 @String {ActaALov = {Acta archaeologica Lovaniensia}}
 @String {ActaALovMono = {Acta archaeologica Lovaniensia. Monographiae}}
 @String {ActaAntHung = {Acta antiqua Academiae scientiarum Hungaricae}}
 @String {ActaArch = {Acta archaeologica. København}}
 @String {ActaArchHung = {Acta archaeologica Academiae scientiarum Hungaricae}}
 @String {ActaAth = {Acta Instituti Atheniensis regni Sueciae}}
 @String {ActaCl = {Acta classica. Proceedings of the Classical Association of South Africa}}
 @String {ActaClDebrec = {Acta classica Universitatis scientiarum Debreceniensis}}
 @String {ActaHistDac = {Acta historica. Societas academica Dacoromana}}
 @String {ActaHyp = {Acta hyperborea. Danish Studies in Classical Archaeology}}
 @String {ActaInstRomFin = {Acta Instituti Romani Finlandiae}}
 @String {ActaMusNapoca = {Acta Musei Napocensis}}
 @String {ActaMusPorol = {Acta Musei Porolissensis}}
 @String {ActaNum = {Acta numismática (Barcelona)}}
 @String {ActaOr = {Acta orientalia (Kopenhagen)}}
 @String {ActaOrHung = {Acta orientalia Academiae scientiarum Hungaricae}}
 @String {ActaPhilSocDac = {Acta philologica. Societas academica Dacoromana}}
 @String {ActaPraehistA = {Acta praehistorica et archaeologica}}
 @String {ActaTorunA = {Acta Universitatis Nicolai Copernici. Archaeologia}}
 @String {ActaTorunHist = {Acta Universitatis Nicolai Copernici. Historia}}
 @String {AD = {Antike Denkmäler}}
 @String {ADAIK = {Abhandlungen des Deutschen Archäologischen Instituts, Abteilung Kairo}}
 @String {Adalya = {Adalya. Annual of the Suna \& Inan Kiraç-Research Institute on Mediterranean Civilizations}}
 @String {ADelt-A = {Αρχαιολογικόν Δελτίον (Μελέτες)}}%*Abweichung!
 @String {ADelt-B = {Αρχαιολογικόν Δελτίον (Χρονικά)}}%*Abweichung!
 @String {ADerg = {Arkeoloji dergisi. Ege Üniversitesi Edebiyat Fakültesi}}
 @String {ADFU = {Ausgrabungen der Deutschen Forschungsgemeinschaft in Uruk-Warka}}
 @String {AdI = {Annali dell'Instituto di corrispondenza archeologica}}
 @String {ADOG = {Abhandlungen der Deutschen Orient-Gesellschaft}}
 @String {Adumatu = {Adumatu. A Semi-Annual Archeological Refereed Journal on the Arab World}}
 @String {AE = {L'année épigraphique}}
 @String {AeA = {Aegean Archaeology}}
 @String {Aegaeum = {Aegaeum. Annales d'archéologie égéenne de l'Université de Liège}}
 @String {AegLev = {Ägypten und Levante. Egypt and the Levant. Internationale Zeitschrift für ägyptische Archäologie und deren Nachbargebiete}}%*Abweichung!
 @String {AEmil = {Archeologia dell'Emilia-Romagna}}
 @String {AEphem = {Αρχαιολογική Eφημερίς}}
 @String {AeR = {Atene e Roma}}
 @String {AErgoMak = {Το Αρχαιολογικό Έργο στη Μακεδονία και Θράκη}}
 @String {AErt = {Archaeologiai értesitő}}
 @String {AEspA = {Archivo español de arqueología}}
 @String {Aevum = {Aevum. Rassegna di scienze storiche linguistiche e filologiche}}
 @String {AevumAnt = {Aevum antiquum}}
 @String {AF = {Archäologische Forschungen}}
 @String {AfO = {Archiv für Orientforschung}}
 @String {Africa = {Africa. Institut national d'archéologie et d'art, Tunis}}
 @String {AGD = {Antike Gemmen in deutschen Sammlungen}}
 @String {AGeo = {Archaeologia geographica}}
 @String {Agora = {The Athenian Agora}}
 @String {AgoraPB = {Excavations of the Athenian Agora. Picture Book}}
 @String {AHist = {Arqueologia e história}}
 @String {AHistStAlex = {Archaeological and Historical Studies. The Archaeological Society of Alexandria}}
 @String {AHw = {W. von Soden, Akkadisches Handwörterbuch (Wiesbaden 1965--1981)}}
 @String {AiD = {Archäologie in Deutschland}}
 @String {AInf = {Archäologische Informationen. Mitteilungen zur Ur- und Frühgeschichte}}
 @String {AIONArch = {Annali dell'Istituto universitario orientale di Napoli. Dipartimento di studi del mondo classico e del Mediterraneo antico. Sezione di archeologia e storia antica}}
 @String {AIONFil = {Annali dell'Istituto universitario orientale di Napoli. Dipartimento di studi del mondo classico e del Mediterraneo antico. Sezione filologicoletteraria}}
 @String {AIONLing = {Annali dell'Istituto universitario orientale di Napoli. Dipartimento di studi del mondo classico e del Mediterraneo antico. Sezione linguistica}}
 @String {AIPhOr = {Annuaire de l'Institut de philologie et d'histoire orientales et slaves (Université Libre de Bruxelles)}}
 @String {Aitna = {Aitna. Quaderni di topografia antica}}
 @String {AJA = {American Journal of Archaeology}}
 @String {AJahrBay = {Das archäologische Jahr in Bayern}}
 @String {AJPh = {American Journal of Philology}}
 @String {AJug = {Archaeologia Jugoslavica}}
 @String {AKorrBl = {Archäologisches Korrespondenzblatt}}
 @String {AlbaRegia = {Alba Regia. Annales Musei Stephani regis}}
 @String {AlmaMaterSt = {Alma mater studiorum Almanacco calabrese Almoraima}}
 @String {AlmanachWien = {Österreichische Akademie der Wissenschaften. Almanach}}
 @String {AlonJisrael = {'Alon mahleqat ha-'atiqot šel medinat Jisra'el}}
 @String {Al-Qannis = {Al-Qanniš. Boletín del Taller de arqueología de Alcañiz}}
 @String {Altamura = {Altamura. Bollettino dell'Archivio-biblioteca-museo civico}}
 @String {AltoMed = {Alto medioevo}}
 @String {Alt-Paphos = {Ausgrabungen in Alt-Paphos auf Cypern}}
 @String {AltThuer = {Alt-Thüringen}}%*Abweichung!
 @String {AM = {Mitteilungen des Deutschen Archäologischen Instituts, Athenische Abteilung}}
 @String {AMediev = {Archaeologia medievale. Cultura materiale, insediamenti, territorio}}
 @String {AMethTh = {Advances in Archaeological Method and Theory}}
 @String {AMI = {Archäologische Mitteilungen aus Iran}}
 @String {AMIT = {Archäologische Mitteilungen aus Iran und Turan}}
 @String {AmJAncHist = {American Journal of Ancient History}}
 @String {AmJNum = {American Journal of Numismatics}}
 @String {AMold = {Arheologia Moldovei}}
 @String {AMosel = {Archaeologia Mosellana}}
 @String {AMS = {Asia Minor Studien}}
 @String {AmStP = {American Studies in Papyrology}}
 @String {AMuGS = {Antike Münzen und geschnittene Steine}}
 @String {ANachr = {Archäologisches Nachrichtenblatt}}
 @String {ANachrBad = {Archäologische Nachrichten aus Baden}}
 @String {AnadoluAra = {Anadolu araştırmaları. Jahrbuch für kleinasiatische Forschung}}
 @String {AnadoluKonf = {Anadolu Medeniyetleri Müzesi konferansları}}
 @String {AnadoluYil = {Anadolu Medeniyetleri Müzesi yıllığı}}
 @String {AnAe = {Analecta Aegyptiaca}}
 @String {Anagennesis = {Anagennesis. A Papyrological Journal}}
 @String {AnalBolland = {Analecta Bollandiana}}
 @String {AnalP = {Analecta papyrologica}}
 @String {AnalRom = {Analecta Romana Instituti Danici}}
 @String {AnArqAnd = {Anuario arqueológico de Andalucía}}
 @String {Anas = {Anas. Museo nacional de arte romano de Mérida}}
 @String {AnatA = {Anatolian Archaeology. Reports on Research Conducted in Turkey}}
 @String {Anatolia = {Anatolia. Revue annuelle de l’Institut d’archéologie de l’Université d’Ankara}}
 @String {ANaturwiss = {Archäologie und Naturwissenschaften}}
 @String {AncCivScytSib = {Ancient Civilizations from Scythia to Siberia. An International Journal of Comparative Studies in History and Archaeology}}
 @String {AncHistB = {The Ancient History Bulletin}}
 @String {AncInd = {The Ancient India}}
 @String {AncNearEastSt = {Ancient Near Eastern Studies. An Annual}}
 @String {AnCord = {Anales de arqueología cordobesa}}
 @String {AncSoc = {Ancient Society}}
 @String {AncW = {The Ancient World}}
 @String {AncWestEast = {Ancient West and East}}
 @String {AnDubr = {Annali Zavoda za povijesne znanosti Istraivakog centra Jugoslavenske akademije znanosti i umjetnosti u Dubrovniku}}
 @String {ANews = {Archaeological News}}
 @String {ANilMoy = {Archéologie du Nil moyen}}
 @String {ANL = {The Archaeological News Letter}}
 @String {AnMunFaro = {Anais do municípo de Faro}}
 @String {AnMurcia = {Anales de prehistoria y arqueología. Universidad de Murcia}}
 @String {AnnAcEtr = {Annuario. Accademia etrusca di Cortona}}
 @String {AnnAcTorino = {Annuario della Accademia delle scienze di Torino}}
 @String {AnnAStorAnt = {Annali. Sezione di archeologia e storia antica. Istituto universitario orientale di Napoli. Dipartimento di studi del mondo classico e del Mediterraneo antico}}
 @String {AnnBari = {Annali della Facoltà di lettere e filosofia, Università degli Studi, Bari}}
 @String {AnnBenac = {Annali Benacensi}}
 @String {AnnBiblAModena = {Annuario bibliografico di archeologia. Modena}}
 @String {AnnBiblARom = {Annuario bibliografico di archeologia. Nuove accessioni del \ldots. Biblioteca dell’Istituto nazionale di archeologia e storia dell’arte, Roma}}
 @String {AnnByzConf = {Annual Byzantine Studies Conference. Abstracts of Papers}}
 @String {AnnCagl = {Annnali della Facoltà di lettere e filosofia dell'Università di Cagliari}}
 @String {AnnCaglMag = {Annali della Facoltà di magistero dell'Università di Cagliari}}
 @String {AnnEconSocCiv = {Annales. Economies, sociétés, civilisations}}
 @String {AnnEgBibl = {Annual Egyptological Bibliography}}
 @String {AnnEth = {Annales d'Éthiopie}}
 @String {AnnFaina = {Annali della Fondazione per il Museo Claudio Faina}}
 @String {AnnHistA = {Annales d'histoire et d'archéologie}}
 @String {AnnHistScSoc = {Annales. Histoire, sciences sociales}}
 @String {AnnIstGiapp = {Annuario. Istituto giapponese di cultura in Roma}}
 @String {AnnIstItNum = {Annali. Istituto italiano di numismatica}}
 @String {AnnLecce = {Annali dell'Università di Lecce. Facoltà di lettere e filosofia e di magistero}}
 @String {AnnLeedsUnOrSoc = {The Annual of Leeds University Oriental Society}}
 @String {AnnMacerata = {Annali della Facoltà di lettere e filosofia, Università di Macerata}}
 @String {AnnMessMag = {Nuovi annali della Facoltà di magistero dell'Università di Messina}}
 @String {AnnMusRov = {Annali del Museo civico di Rovereto. Sezione archeologia, storia, scienze naturali}}
 @String {AnnNap = {Annali della Facoltà di lettere e filosofia, Università di Napoli}}
 @String {AnnNivern = {Les annales des pays Nivernais}}
 @String {AnnNoment = {Annali. Associazione nomentana di storia e archeologia}}
 @String {AnnOrNap = {Annali. Rivista del Dipartimento di studi asiatici e del Dipartimento di studi e ricerche su Africa e paesi arabi, Istituto universitario orientale di Napoli}}
 @String {AnnotNum = {Annotazioni numismatiche}}
 @String {AnnPerugia = {Annali della Facoltà di lettere e filosofia, Università degli studi di Perugia, 1. Studi classici}}
 @String {AnnPisa = {Annali della Scuola normale superiore di Pisa}}
 @String {AnnPontAcRom = {Annuario della Pontificia accademia romana di archeologia}}
 @String {AnnRepBSA = {Annual Report of Council. British School of Archaeology at Athens}}
 @String {AnnRepCypr = {Annual Report of the Department of Antiquities, Republic of Cyprus}}
 @String {AnnRepFoggArtMus = {The Annual Report of the Fogg Art Museum}}
 @String {AnnSiena = {Annali della Facoltà di lettere e filosofia, Università di Siena}}
 @String {AnnuarioAcLinc = {Annuario della Accademia nazionale dei Lincei}}
 @String {AnnuarioLecce = {Annuario. Liceo-ginnasio statale G. Palmieri, Lecce}}
 @String {AnnUnBud = {Annales Universitatis scientiarum Budapestinensis de Rolando Eötvös nominatae}}
 @String {AnnWorcArtMus = {Annual (Report). Worcester Art Museum}}
 @String {Anodos = {Anodos. Studies of Ancient World}}
 @String {AnOr = {Analecta orientalia. Commentationes scientificae de rebus orientis antiqui}}
 @String {ANRW = {Aufstieg und Niedergang der römischen Welt}}
 @String {Anschnitt = {Der Anschnitt. Mitteilungsblatt der Vereinigung der Freunde von Kunst und Kultur im Bergbau}}
 @String {ANSMusNotes = {Museum Notes. American Numismatic Society}}
 @String {AnSt = {Anatolian Studies}}
 @String {Antaeus = {Antaeus. Communicationes ex Instituto archaeologico Academiae scientiarum hungaricae}}
 @String {AntAfr = {Antiquités africaines}}
 @String {AntChr = {Antike und Christentum}}
 @String {AntCl = {L'antiquité classique}}
 @String {AnthrAChron = {Ανθρωπολογικά και Αρχαιολογικά Χρονικά}}
 @String {Anthropos = {Άνθρωπος. Όργανο της Ανθρωπολογικής Εταιρείας Ελλάδος}}
 @String {Antichthon = {Antichthon. Journal of the Australian Society for Classical Studies}}
 @String {AntigCr = {Antigüedad y cristianismo. Monografías históricas sobre la antigüedad tardía}}
 @String {Antipolis = {Antipolis. A Journal of Mediterranean Archaeology}}
 @String {Antiqua = {Antiqua. Rivista dell'Archeoclub d'Italia}}
 @String {Antiquity = {Antiquity. A Quarterly Review of Archaeology}}
 @String {AntJ = {The Antiquaries Journal}}
 @String {AntK = {Antike Kunst}}
 @String {AntNat = {Antiquités nationales. Saint-Germain-en-Laye}}
 @String {AntPisa = {Antichità pisane}}
 @String {AntPl = {Antike Plastik}}
 @String {AntSurv = {Antiquity and Survival}}
 @String {AntTard = {Antiquité tardive. Revue internationale d'histoire et d'archéologie}}
 @String {AnzAW = {Anzeiger für die Altertumswissenschaft}}
 @String {AnzWien = {Anzeiger. Österreichische Akademie der Wissenschaften, Philosophisch-Historische Klasse}}
 @String {AOAT = {Alter Orient und Altes Testament. Veröffentlichungen zur Kultur und Geschichte des Alten Orients und des Alten Testaments}}
 @String {AoF = {Altorientalische Forschungen}}
 @String {AOtkryt = {Archeologičeskie otkrytija}}
 @String {APamKiiv = {Archeologični pamjatki URSR}}
 @String {APh = {L'année philologique}}
 @String {APol = {Archaeologia Polona}}
 @String {Apollo = {Apollo. Bolletino dei musei provinciali del Salernitano}}
 @String {ApolloLond = {Apollo. The International Magazine of the Arts}}
 @String {APort = {O arqueólogo português}}
 @String {AppRomFil = {Appunti romani di filologia. Studi e comunicazioni di filologia, linguistica e letteratura greca e latina}}
 @String {APregl = {Arheološki pregled. Arheološko društvo Jugoslavije}}
 @String {Apulum = {Apulum. Acta Musei Apulensis}}
 @String {AquiLeg = {Aquila legionis. Cuadernos des estudios sobre el ejército romano}}
 @String {AquilNost = {Aquileia nostra. Bollettino dell'Associazione nazionale per Aquileia}}
 @String {Aquitania = {Aquitania. Une revue inter-régionale d'archéologie}}
 @String {ArabAEpigr = {Arabian Archaeology and Epigraphy}}
 @String {ARadRaspr = {Arheolokiradovi i rasprave}}
 @String {ArbFBerSaechs = {Arbeits- und Forschungsberichte zur sächsischen Bodendenkmalpflege}}
 @String {Archaeographie = {Archäographie. Archäologie und elektronische Datenverarbeitung}}%*Abweichung!
 @String {Archaeologia = {Archaeologia or Miscellaneous Tracts Relating to Antiquity Published by the Society of Antiquaries of London}}
 @String {Archaeology = {Archaeology. A Magazine Dealing with the Antiquity of the World}}
 @String {Archaeometry = {Archaeometry. Bulletin of the Research Laboratory for Archaeology and History of Art, Oxford University}}
 @String {Archaiognosia = {Αρχαιογνωσία}}
 @String {ArchBegriffsGesch = {Archiv für Begriffsgeschichte}}
 @String {ArchByzMnem = {Αρχείον των Βυζαντινών Μνημείων της Ελλάδος }}
 @String {ArchCl = {Archeologia classica}}
 @String {Archeo = {Archeo. Attualità del passato}}
 @String {ArcheogrTriest = {Archeografo triestino}}
 @String {ArcheologiaParis = {Archeologia, Paris. L'archéologie dans le monde et tout ce qui concerne les recherches historiques, artistiques et scientifiques sur terre et dans les mers}}
 @String {ArcheologiaRoma = {Archeologia. Rivista bimestrale. Roma}}
 @String {ArcheologiaWarsz = {Archeologia. Rocznik Instytutu archeologii i etnologii, Polskiej akademii nauk}}
 @String {ArcheologijaKiiv = {Archeologija. Nacional'na akademija nauk Ukraini. Institut archeologii}}
 @String {ArcheologijaSof = {Archeologija. Organ na Archeologičeskija institut i muzej (pri Bălgarskata akademii nauk)}}
 @String {ArchEubMel = {Αρχείον Ευβοϊκών Μελετών}}
 @String {ArchHom = {Archaeologia Homerica}}
 @String {Architectura = {Architectura. Zeitschrift für Geschichte der Baukunst}}
 @String {Archivi = {Archivi. Archivi d'Italia e rassegna internazionale degli archivi}}
 @String {ArchPF = {Archiv für Papyrusforschung und verwandte Gebiete}}
 @String {ArchPrehistLev = {Archivo de prehistoria levantina}}
 @String {ArchRel = {Archiv für Religionsgeschichte}}
 @String {ArchStorCal = {Archivio storico per la Calabria e la Lucania}}
 @String {ArchStorPugl = {Archivio storico pugliese}}
 @String {ArchStorRom = {Archivio della Società romana di storia patria}}
 @String {ArchStorSicOr = {Archivio storico per la Sicilia orientale}}
 @String {ArchStorSir = {Archivio storico siracusano}}
 @String {Arctos = {Arctos. Acta philologica Fennica}}
 @String {ARepLond = {Archaeological Reports}}
 @String {Argo = {Argo. časopis slovenskih muzejev, Narodni Muzej Slovenije}}
 @String {ArOr = {Archív orientální. Quarterly Journal of African and Asian Studies}}
 @String {ArOrMono = {Archív orientální. Quarterly Journal of African, Asian and Latin American Studies. Monografie Archívu orientálního}}
 @String {ArOrSuppl = {Archív orientální. Quarterly Journal of African, Asian and Latin American Studies. Supplementa}}
 @String {ARozhl = {Archeologické rozhledy}}
 @String {ArqBeja = {Arquivo de Beja. Boletim, estudos, arquivo}}
 @String {Arse = {Arse. Boletín del Centro arqueológico saguntino}}
 @String {ArsGeorg = {Ars Georgica}}
 @String {ArtAntMod = {Arte antica e moderna}}
 @String {ArtARhone = {Art et archéologie en Rhône-Alpes}}%*Abweichung!
 @String {ArtAs = {Artibus Asiae}}
 @String {ArtB = {The Art Bulletin}}
 @String {ArtJ = {Art Journal}}
 @String {ArtLomb = {Arte lombarda}}
 @String {ArtMediev = {Arte medievale}}
 @String {ArtVirg = {Arts in Virginia}}
 @String {ARV2 = {J. D. Beazley, Attic Red-figure Vase-painters \textsuperscript{2}(Oxford 1963)}}
 @String {ASachs = {Archäologie in Sachsen-Anhalt}}
 @String {ASAE = {Annales du Service des antiquités de l’Égypte}}
 @String {ASammlUnZuerch = {Archäologische Sammlung der Universität Zürich}}%*Abweichung!
 @String {ASAtene = {Annuario della Scuola archeologica di Atene e delle missioni italiane in Oriente}}
 @String {ASbor = {Archeologičeskij sbornik. Gosudarstvennyj ordena Lenina Ermitaž}}
 @String {ASchw = {Archäologie der Schweiz. Mitteilungsblatt der Schweizerischen Gesellschaft für Ur- und Frühgeschichte}}
 @String {ASoc = {Archeologia e società}}
 @String {ASoloth = {Archäologie des Kantons Solothurn}}
 @String {ASR = {Die antiken Sarkophagreliefs}}
 @String {Assaph = {Assaph. Studies in Art History}}
 @String {AssyrMisc = {Assyriological Miscellanies}}
 @String {AST = {AratirmaSonuçlariToplantisi}}
 @String {ASub = {L'archeologo subacqueo. Quadrimestrale di archeologia subacquea e navale}}
 @String {ASubacq = {Archeologia subacquea. Studi, ricerche e documenti}}
 @String {Athenaeum = {Athenaeum. Studi di letteratura e storia dell'antichità}}
 @String {Atiqot = {`Atiqot. Journal of the Israel Department of Antiquities}}
 @String {AtiqotHeb = {`Atiqot. Journal of the Israel Department of Antiquities. Hebrew Series}}
 @String {Atlal = {Atlal. The Journal of Saudi Arabian Archaeology}}
 @String {AttiAcPontan = {Atti della Accademia pontaniana}}
 @String {AttiAcRov = {Atti della Accademia Roveretana degli Agiati. Contributi della classe di scienze umane, di lettere ed arti}}
 @String {AttiAcTorino = {Atti della Accademia delle scienze di Torino, 2. Classe di scienze morali, storiche e filologiche}}
 @String {AttiCAntCl = {Atti. Centro ricerche e documentazione sull'antichità classica}}
 @String {AttiCItRom = {Atti. Centro studi e documentazione sull'Italia romana}}
 @String {AttiMemBologna = {Atti e memorie. Deputazione di storia patria per le province di Romagna}}
 @String {AttiMemDal = {Atti e memorie della Società dalmata di storia patria}}
 @String {AttiMemFirenze = {Atti e memorie dell'Academia toscana di scienze e lettere »La Columbaria«}}
 @String {AttiMemIstria = {Atti e memorie della Società istriana di archeologia e storia patria}}
 @String {AttiMemMagnaGr = {Atti e memorie della Società Magna Grecia}}
 @String {AttiMemModena = {Atti e memorie. Deputazione di storia patria per le antiche provincie modenesi}}
 @String {AttiMemTivoli = {Atti e memorie della Società tiburtina di storia e d'arte}}
 @String {AttiMusTrieste = {Atti dei Civici musei di storia ed arte di Trieste}}
 @String {AttiPalermo = {Atti della Accademia di scienze, lettere e arti di Palermo}}
 @String {AttiRovigno = {Atti. Centro di ricerche storiche, Rovigno}}
 @String {AttiSocFriuli = {Atti della Società per la preistoria e protostoria della regione Friuli -- Venezia Giulia}}
 @String {AttiVenezia = {Atti. Istituto veneto di scienze, lettere ed arti}}
 @String {AuA = {Antike und Abendland}}
 @String {AulaOr = {Aula orientalis. Revista de estudios del Próximo Oriente antiguo}}
 @String {AusgrFu = {Ausgrabungen und Funde. Nachrichtenblatt der Landesarchäologie}}
 @String {AusgrFuWestf = {Ausgrabungen und Funde in Westfalen-Lippe}}
 @String {AustrRom = {Pro Austria Romana}}
 @String {AUTerr = {Archeologia, uomo, territorio. Rivista dei Gruppi archeologici Nord Italia}}
 @String {AUWE = {Ausgrabungen in Uruk-Warka. Endberichte}}
 @String {AV = {Archäologische Veröffentlichungen. Deutsches Archäologisches Institut, Abteilung Kairo}}
 @String {AVen = {Archeologia veneta}}
 @String {AVes = {Arheološki vestnik (Ljubljana)}}
 @String {AViva = {Archeologia viva}}
 @String {AvP = {Altertümer von Pergamon}}
 @String {AW = {Antike Welt. Zeitschrift für Archäologie und Kulturgeschichte}}
 @String {AyasofyaMuezYil = {Ayasofia Müzesi yıllığı. Annual of Ayasofya Museum}}%*Abweichung!
 @String {AZ = {Archäologische Zeitung}}
 @String {Azotea = {Azotea. Revista de cultura del Ayuntamiento de Coria del Río}}
 @String {BA = {Bollettino di archeologia}}
 @String {Baalbek = {Baalbek. Ergebnisse der Ausgrabungen und Untersuchungen in den Jahren 1898 bis 1905}}
 @String {BAAlger = {Bulletin d'archéologie algérienne}}
 @String {BABarcel = {Butlletí informatiu de l'Institut de prehistòria i arqueologia de la Diputació provincial de Barcelona}}
 @String {BABesch = {Bulletin antieke beschaving. Annual Papers on Classical Archaeology}}
 @String {BAcRHist = {Boletín de la Real academia de la historia}}
 @String {BACopt = {Bulletin de la Société d'archéologie copte}}
 @String {BadFuBer = {Badische Fundberichte}}
 @String {Baetica = {Baetica. Estudios de arte, geografía e historia}}
 @String {BaF = {Baghdader Forschungen}}
 @String {BalacaiKoez = {Balácai közlemények}}%*Abweichung!
 @String {BalkSt = {Balkan Studies}}
 @String {BALond = {Bulletin of the Institute of Archaeology, University of London}}
 @String {BALux = {Bulletin d'archéologie luxembourgeoise}}
 @String {BaM = {Baghdader Mitteilungen}}
 @String {BAMaroc = {Bulletin d'archéologie marocaine}}
 @String {BAmSocP = {The Bulletin of the American Society of Papyrologists}}
 @String {BAncOrMus = {Bulletin of the Ancient Orient Museum (Tokyo)}}
 @String {BAngers = {Bulletin du Centre de recherches et d'enseignement de l'antiquité, Angers}}
 @String {BAngloIsrASoc = {Bulletin of the Anglo-Israel Archaeological Society}}
 @String {BAnnMusFerr = {Bollettino annuale. Musei ferraresi}}
 @String {BAntFr = {Bulletin de la Société nationale des antiquaires de France}}
 @String {BAntLux = {Bulletin des antiquités luxembourgeoises}}
 @String {BAParis = {Bulletin archéologique du Comité des travaux historiques et scientifiques. Antiquités nationales}}
 @String {BAProv = {Bulletin archéologique de Provence}}
 @String {BAR = {British Archaeological Reports. British Series}}
 @String {BArchAlex = {Bulletin. Société archéologique d'Alexandrie}}
 @String {BArchit = {Bollettino del Centro di studi per la storia dell'architettura}}
 @String {BARIntSer = {British Archaeological Reports. International Series}}
 @String {BASard = {Nuovo bullettino archeologico sardo}}
 @String {BAsEspA = {Boletín. Asociación española de amigos de la arqueología}}
 @String {BAsInst = {Bulletin of the Asia Institute}}
 @String {BASOR = {Bulletin of the American Schools of Oriental Research}}
 @String {BAssBude = {Bulletin de l'Association Guillaume Budé}}%*Abweichung!
 @String {BAssMosAnt = {Bulletin d'information de l'Association internationale pour l'étude de la mosaïque antique}}
 @String {BASub = {Bollettino di archeologia subacquea}}
 @String {BASudEstEur = {Bulletin d'archéologie sud-est européenne}}
 @String {BATarr = {Bulletí arqueològic. Reial societat arqueològica tarraconense. Boletín arqueológico. Real sociedad arqueológica tarragonese}}
 @String {BAur = {Boletín auriense}}
 @String {BAVA = {Beiträge zur Allgemeinen und Vergleichenden Archäologie}}
 @String {BayVgBl = {Bayerische Vorgeschichtsblätter}}
 @String {BBasil = {Bollettino storico della Basilicata}}
 @String {BBelgRom = {Bulletin de l'Institut historique belge de Rome}}
 @String {BBolsena = {Bollettino di studi e ricerche. Biblioteca comunale di Bolsena}}
 @String {BBrByzSt = {Bulletin of British Byzantine Studies}}
 @String {BCamuno = {Bullettino del Centro Camuno di studi preistorici}}
 @String {BCASic = {Beni culturali e ambientali. Sicilia}}
 @String {BCercleNum = {Bulletin du Cercle d'études numismatiques}}
 @String {BCH = {Bulletin de correspondance hellénique}}
 @String {BCircNumNap = {Bollettino del Circolo numismatico napoletano}}
 @String {BCl = {Bollettino dei classici}}
 @String {BClevMus = {The Bulletin of The Cleveland Museum of Art}}
 @String {BCom = {Bullettino della Commissione archeologica comunale di Roma}}
 @String {BCord = {Bulletin d'information de l'Association internationale pour l'étude de la mosaïque antique}}
 @String {BdA = {Bollettino d'arte}}
 @String {BdE = {Bibliothèque d'études, Institut français d'archéologie orientale, Kairo}}
 @String {BdEC = {Bibliothèque d'études coptes, Institut français d'archéologie orientale, Kairo}}
 @String {BdI = {Bullettino dell'Instituto di corrispondenza archeologica}}
 @String {BDirRom = {Bullettino dell'Istituto di diritto romano »Vittorio Scialoja«}}
 @String {BeazleyAddenda2 = {T. H. Carpenter (Hrsg.), Beazley Addenda \textsuperscript{2}(Oxford 1989)}}%*Abweichung!
 @String {BeazleyPara. = {J. D. Beazley, Paralipomena. Additions to Attic Black-figure Vase-painters and to Attic Red-figure Vase-painters (Oxford 1971)}}%*Abweichung!
 @String {BEcAntNimes = {Bulletin (annuel) de l'École antique de Nîmes}}%*Abweichung!
 @String {BediKart = {Bedi Kartlisa. Revue de kartvélologie}}
 @String {BEFAR = {Bibliothèque des Écoles françaises d'Athènes et de Rome}}
 @String {BeitrESkAr = {Beiträge zur Erschließung hellenistischer und kaiserzeitlicher Skulptur und Architektur}}
 @String {BeitrNamF = {Beiträge zur Namenforschung}}
 @String {BeitrSudanF = {Beiträge zur Sudanforschung}}
 @String {BelArt = {Bellas artes (Madrid)}}
 @String {Belleten = {Belleten. Türk Tarih Kurumu}}
 @String {Benacus = {Benàcus. Museo archeologico della Val Tenesi}}
 @String {BerBayDenkmPfl = {Bericht der Bayerischen Bodendenkmalpflege}}
 @String {BerDFG = {Bericht der Deutschen Forschungsgemeinschaft}}
 @String {BerlBeitrArchaeom = {Berliner Beiträge zur Archäometrie}}%*Abweichung!
 @String {BerlBlVFruehGesch = {Berliner Blätter für Vor- und Frühgeschichte}}%*Abweichung!
 @String {BerlJbVFruehGesch = {Berliner Jahrbuch für Vor- und Frühgeschichte}}%*Abweichung!
 @String {BerlMus = {Berliner Museen}}
 @String {BerlNumZ = {Berliner numismatische Zeitschrift}}
 @String {BerOudhBod = {Berichten van de Rijksdienst voor het oudheidkundig bodemonderzoek}}
 @String {BerRGK = {Bericht der Römisch-Germanischen Kommission}}
 @String {BerVerhLeipz = {Berichte über die Verhandlungen der Sächsischen Akademie der Wissenschaften zu Leipzig}}
 @String {Berytus = {Berytus. Archaeological Studies}}
 @String {BEspA = {Boletín. Asociación española de amigos de la arqueología}}
 @String {BEspOr = {Boletín de la Asociación española de orientalistas}}
 @String {BEtOr = {Bulletin d'études orientales}}
 @String {BFilGrPadova = {Bollettino dell'Istituto di filologia greca, Università di Padova}}
 @String {BFilLingSic = {Bollettino. Centro di studi filologici e linguistici siciliani}}
 @String {BFlegr = {Bollettino flegreo. Rivista di storia, arte e scienze}}
 @String {BFoligno = {Bollettino storico della città di Foligno}}
 @String {BHarvMus = {Harvard University Art Museums Bulletin}}
 @String {BIasos = {Bollettino dell'Associazione Iasos di Caria}}
 @String {BibAr = {The Biblical Archaeologist. The American School of Oriental Research New Haven}}
 @String {BiblClOr = {Bibliotheca classica orientalis}}
 @String {BiblSymb = {Bibliographie zur Symbolik, Ikonographie und Mythologie. Internationales Referateorgan}}
 @String {BIBulg = {Izvestija na Archeologičeskija institut. Bulletin de l’Institut d’archéologie}}
 @String {BICS = {Bulletin of the Institute of Classical Studies of the University of London}}
 @String {BIFAO = {Bulletin de l'Institut français d'archéologie orientale}}
 @String {BInfCentumcellae = {Bollettino di informazioni. Associazione archeologica Centumcellae}}
 @String {BInfCESDAE = {Bollettino di informazioni del Centro di studi e documentazione sull'area elima}}
 @String {BiogrZbor = {Biogradski zbornik}}
 @String {BiOr = {Bibliotheca orientalis}}
 @String {BIstOrvieto = {Bollettino dell'Istituto storico artistico orvietano}}
 @String {BJaen = {Boletín del Instituto de estudios giennenses}}%*Abweichung!
 @String {BJb = {Bonner Jahrbücher des Rheinischen Landesmuseums in Bonn}}
 @String {BJerus = {Bulletin. The Hebrew University, Jerusalem, Rabinowitz Fund}}
 @String {BLaborMusLouvre = {Bulletin du laboratoire du Musée du Louvre}}
 @String {BLazioMerid = {Bollettino dell'Istituto di storia e di arte del Lazio meridionale}}
 @String {BLikUm = {Bulletin Razreda za likovne umjetnosti Hrvatske akademije znanosti i umjetnosti}}
 @String {BlMueFreundeF = {Blätter für Münzfreunde und Münzforschung}}%*Abweichung!
 @String {BLugo = {Boletín de la Comisión provincial de monumentos históricos y artísticos de Lugo}}
 @String {BMCGreekCoins = {Catalogue of the Greek Coins in the British Museums}}%*Abweichung!
 @String {BMCOR = {Catalogue of Oriental Coins in the British Museum I--X}}
 @String {BMCRE = {H. Mattingly (u. a.), Coins of the Roman Empire in the British Museum (London 1923--1950; \textsuperscript{2}1975)}}
 @String {BMCRRI-III = {H. A. Grueber, Coins of the Roman Republic in the British Museum I--III (London 1910)}}%*Abweichung!
 @String {BMetrMus = {The Metropolitan Museum of Art Bulletin}}
 @String {BMon = {Bulletin monumental}}
 @String {BMonMusPont = {Bollettino. Monumenti, musei e gallerie pontificie}}
 @String {BMQ = {The British Museum Quarterly}}
 @String {BMQNSuppl = {The British Museum Quarterly. News Supplement}}
 @String {BMusBeyrouth = {Bulletin du Musée de Beyrouth}}
 @String {BMusBrux = {Bulletin des Musées royaux d'art et d'histoire, Bruxelles}}
 @String {BMusCadiz = {Boletín del Museo de Cádiz}}
 @String {BMusCivRom = {Bullettino del Museo della civiltà romana}}
 @String {BMusFA = {Bulletin. Museum of Fine Arts, Boston}}
 @String {BMusHongr = {Bulletin du Musée hongrois des beaux-arts}}
 @String {BMusMadr = {Boletín del Museo arqueológico nacional, Madrid}}
 @String {BMusMich = {Bulletin. Museums of Art and Archaeology, University of Michigan}}
 @String {BMusMonaco = {Bulletin du Musée d'anthropologie préhistorique de Monaco}}
 @String {BMusPadova = {Bollettino del Museo civico di Padova}}
 @String {BMusPBelArt = {Boletín del Museo provincial de bellas artes}}
 @String {BMusRom = {Bollettino dei Musei comunali di Roma}}
 @String {BMusVars = {Bulletin du Musée national de Varsovie}}
 @String {BMusZaragoza = {Museo de Zaragoza. Boletín}}
 @String {BNumParis = {Bulletin de la Société française de numismatique}}
 @String {BNumRoma = {Bollettino di numismatica}}
 @String {Bogazkoey-Hattusa = {Boğazköy-Hattuša. Ergebnisse der Ausgrabungen}}%*Abweichung!
 @String {Bolskan = {Bolskan. Revista de arqueología del Instituto de estudios Altoaragoneses, revista de arqueología Oscense}}
 @String {BonnHVg = {Bonner Hefte zur Vorgeschichte}}
 @String {BOntMus = {Bulletin of the Royal Ontario Museum of Archaeology, University of Toronto}}
 @String {Boreas = {Boreas. Münstersche Beiträge zur Archäologie}}
 @String {BoreasUpps = {Boreas. Uppsala Studies in Ancient Mediterranean and Near Eastern Civilization}}
 @String {BPeintRom = {Bulletin de liaison. Centre d'études des peintures murales romaines}}
 @String {BPI = {Bullettino di paletnologia italiana}}
 @String {BPrehistAlp = {Bulletin d'études préhistoriques alpines}}%*Abweichung!
 @String {BProAvent = {Bulletin de l'Association Pro Aventico}}
 @String {BProvidence = {Bulletin of the Rhode Island School of Design. Museum Notes}}
 @String {BracAug = {Bracara Augusta. Revista cultural da Câmara municipal de Braga}}
 @String {BracaraAugusta = {Bracara Augusta. Revista cultural da Câmara municipal de Braga}}
 @String {BremABl = {Bremer archäologische Blätter}}
 @String {BRest = {Bollettino dell'Istituto centrale del restauro}}
 @String {Brigantium = {Brigantium. Museo arqueolóxico e histórico}}
 @String {BrMusYearbook = {The British Museum Yearbook}}
 @String {BSA = {The Annual of the British School at Athens}}
 @String {BSAA = {Boletín del Seminario de estudios de arte y arqueología, Universidad de Valladolid}}
 @String {BSFE = {Bulletin de la Société française d'égyptologie}}
 @String {BSiena = {Bullettino senese di storia patria}}
 @String {BSOAS = {Bulletin of the School of Oriental and African Studies (London)}}
 @String {BSocAChamp = {Bulletin de la Société archéologique champenoise}}
 @String {BSocBiblReinach = {Bulletin de liaison de la Société des amis de la Bibliothèque Salomon Reinach}}
 @String {BSocNumRom = {Buletinul Societăţii numismatice române}}
 @String {BSR = {Papers of the British School at Rome}}
 @String {BStLat = {Bollettino di studi latini}}
 @String {BStorArt = {Bollettino della Unione storia ed arte}}
 @String {BTextilAnc = {Bulletin du Centre international d'étude des textiles anciens}}
 @String {BTorino = {Bollettino della Società piemontese di archeologia e belle arti}}
 @String {BTravTun = {Bulletin des travaux de l'Institut national du patrimoine. Comptes rendus}}
 @String {BudReg = {Budapest régiségei}}
 @String {BulletinGetty = {Bulletin. J. Paul Getty Museum of Art}}
 @String {BulletinNorthampton = {Bulletin. Smith College Museum of Art}}
 @String {BVallad = {Boletín del Seminario de estudios de arte y arqueología, Universidad de Valladolid}}
 @String {BVitoria = {Boletín de la Institución »Sancho el Sabio«}}
 @String {BWaltersArtGal = {The Walters Art Gallery Bulletin}}
 @String {BWPr = {Winckelmannsprogramm der Archäologischen Gesellschaft zu Berlin}}
 @String {Byzantina = {Βυζαντινά. Επιστημονικόν Όργανον Κέντρου Βυζαντινών Ερευνών Φιλοσοφικής Σχολής Αριστοτελείου Πανεπιστημίου Θεσσαλονίκης}}
 @String {ByzF = {Byzantinische Forschungen. Internationale Zeitschrift für Byzantinistik}}
 @String {ByzJb = {Byzantinisch-neugriechische Jahrbücher}}
 @String {ByzZ = {Byzantinische Zeitschrift}}
 @String {BZ = {Biblische Zeitschrift}}
 @String {CAA = {Corpus antiquitatum Aegyptiacarum}}
 @String {CAD = {The Assyrian Dictionary of the Oriental Institute of the University of Chicago}}
 @String {CadA = {Cadernos de arqueologia}}
 @String {Caesaraugusta = {Caesaraugusta. Publicaciones del Seminario de Arqueología y Numismática Aragonesas}}
 @String {Caesarodunum = {Caesarodunum. Bulletin de l'Institut d'études latines et du Centre de recherches A. Piganiol}}
 @String {CAH = {The Cambridge Ancient History}}
 @String {CahArmeeRom = {Cahiers du Groupe de recherches sur l'armée romaine et les provinces}}
 @String {CahASubaqu = {Cahiers d'archéologie subaquatique}}
 @String {CahByrsa = {Cahiers de Byrsa}}
 @String {CahCEC = {Cahier. Centre d'études chypriotes}}
 @String {CahCerEg = {Cahiers de la céramique égyptienne}}
 @String {CahDelFrIran = {Cahiers de la Délégation française en Iran}}
 @String {CahGlotz = {Cahiers du Centre Gustave-Glotz. Revue reconnue par le CNRS}}
 @String {CahKarnak = {Cahiers de Karnak}}
 @String {CahLig = {Cahiers ligures de préhistoire et de protohistoire}}
 @String {CahMariemont = {Les cahiers de Mariemont. Bulletin du Musée royal de Mariemont}}
 @String {CahMusChampollion = {Cahiers du Musée Champollion. Histoire et archéologie}}
 @String {CahPEg = {Cahiers de recherches de l'Institut de papyrologie et d'égyptologie de Lille. Sociétés urbaines en Égypte et au Soudan}}
 @String {CahRhod = {Cahiers rhodaniens}}
 @String {CahTun = {Cahiers de Tunisie}}
 @String {CalifStClAnt = {California Studies in Classical Antiquity}}
 @String {CambrAJ = {Cambridge Archaeological Journal}}
 @String {CArch = {Cahiers archéologiques}}
 @String {CarinthiaI = {Carinthia I. Geschichtliche und volkskundliche Beiträge zur Heimatkunde Kärntens}}%*Abweichung!
 @String {CarnuntumJb = {Carnuntum-Jahrbuch. Zeitschrift für Archäologie und Kulturgeschichte des Donauraumes}}
 @String {Carpica = {Carpica. Muzeul judeţean de istorie şi artă, Bacău}}
 @String {Carrobbio = {Il Carrobbio. Rivista di studi bolognesi}}
 @String {CAT = {Ch. W. Clairmont, Classical Attic Tombstones (Kilchberg 1993--1995)}}
 @String {CE = {Cuadernos emeritenses}}
 @String {CEDAC = {CEDAC. Bulletin. Centre d'études et de documentation archéologique de la conservation de Cartage}}
 @String {CEFR = {Collection de l'École française de Rome}}
 @String {Celticum = {Celticum. Supplément à Ogam}}
 @String {CercA = {Cercetriarheologice}}
 @String {CercNum = {Cercetări numismatice. Muzeul naţional de istorie}}
 @String {Chiron = {Chiron. Mitteilungen der Kommission für Alte Geschichte und Epigraphik des Deutschen Archäologischen Instituts}}
 @String {ChronEg = {Chronique d'Égypte}}
 @String {CIA = {Corpus inscriptionum Atticarum}}
 @String {CIE = {Corpus inscriptionum Etruscarum}}
 @String {CIG = {Corpus inscriptionum Graecarum}}
 @String {CIH = {Corpus inscriptionum Semiticarum. Pars quarta. Inscriptiones himyariticas et sabaeas continens}}
 @String {CIL = {Corpus inscriptionum Latinarum}}
 @String {CincArtB = {The Cincinnati Art Museum Bulletin}}
 @String {CIS = {Corpus inscriptionum Semiticarum}}
 @String {CIstAMilano = {Contributi dell'Istituto di archeologia. Pubblicazioni dell'Università cattolica del Sacro Cuore, Milano}}
 @String {CivClCr = {Civiltà classica e cristiana}}
 @String {CivPad = {Civiltà padana. Archeologia e storia del territorio}}
 @String {ClAnt = {Classical Antiquity}}
 @String {ClevStHistArt = {Cleveland Studies in the History of Art}}
 @String {Clio = {Clio. Revista do Centro de história da Universidade Lisboa}}
 @String {ClIre = {Classics Ireland}}
 @String {ClJ = {The Classical Journal}}
 @String {ClMediaev = {Classica et mediaevalia. Revue danoise de philologie et d'histoire}}
 @String {ClPhil = {Classical Philology}}
 @String {ClQ = {The Classical Quarterly}}
 @String {ClR = {The Classical Review}}
 @String {ClRh = {Clara Rhodos}}
 @String {CMatAOr = {Contributi e materiali di archeologia orientale}}
 @String {CMGr = {Convegni di studi sulla Magna Grecia}}
 @String {CMS = {Corpus der minoischen und mykenischen Siegel}}
 @String {CoinHoards = {Coin Hoards. The Royal Numismatic Society, London}}%*Abweichung!
 @String {ColloquiSod = {Colloqui del Sodalizio}}
 @String {CommunicAHung = {Communicationes archaeologicae hungaricae}}
 @String {Complutum = {Complutum. Publicaciones del Departamento de prehistoria de la Universidad complutense de Madrid}}
 @String {Conoscenze = {Conoscenze. Rivista annuale della Soprintendenza archeologica e per i beni ambientali, architettonici, artistici e storici del Molise}}
 @String {Corduba = {Corduba archaeologica}}
 @String {Corinth = {Corinth. Results of Excavations Conducted by the American School of Classical Studies at Athens}}
 @String {CRAI = {Académie des inscriptions et belles-lettres. Comptes rendus des séances de l'Académie}}
 @String {CretAnt = {Creta antica. Rivista annuale di studi archeologici, storici ed epigrafici}}
 @String {CretSt = {Cretan Studies}}
 @String {CronA = {Cronache di archeologia}}
 @String {CronErcol = {Cronache ercolanesi. Bollettino del Centro internazionale per lo studio dei papiri ercolanesi}}
 @String {CronPomp = {Cronache pompeiane}}
 @String {CRPetersbourg = {Compte-rendu de la Commission impériale archéologique, St. Pétersbourg}}%*Abweichung!
 @String {CSE = {Corpus speculorum Etruscorum}}
 @String {CSIR = {Corpus signorum Imperii Romani}}
 @String {CSSpecPisa = {Contributi della Scuola di specializzazione in archeologia dell'Università degli studi di Pisa}}
 @String {CuadAMed = {Cuadernos de arqueología mediterránea}}
 @String {CuadArquitRom = {Cuadernos de arquitectura romana}}
 @String {CuadCastellon = {Cuadernos de prehistoria y arqueología castellonense}}
 @String {CuadCat = {Cuaderni catanesi di studi classici e medievali}}
 @String {CuadFilCl = {Cuadernos de filología clásica. Facultad de letras y filosofía, Universidad de Madrid}}
 @String {CuadGallegos = {Cuadernos de estudios gallegos}}
 @String {CuadGranada = {Cuadernos de prehistoria de la Universidad de Granada}}
 @String {CuadNavarra = {Cuadernos de arqueología de la Universidad de Navarra}}
 @String {CuadPrehistA = {Cuadernos de prehistoria y arqueología. Universidad autónoma de Madrid}}
 @String {CuadRom = {Cuadernos de trabajos de la Escuela española de historia y arqueología en Roma}}
 @String {CuPaUAM = {Cuadernos de prehistoria y arqueología. Universidad autónoma de Madrid}}
 @String {CVA = {Corpus vasorum antiquorum}}
 @String {CZero = {Cota Zero. Revista d'arqueologia i ciencia}}
 @String {DAA = {Denkmäler antiker Architektur}}
 @String {Dacia = {Dacia. Revue d'archéologie et d'histoire ancienne}}
 @String {DACL = {Dictionnaire d'archéologie chrétienne et de liturgie}}
 @String {Dacoromania = {Dacoromania. Jahrbuch für östliche Latinität}}
 @String {DaF = {Damaszener Forschungen}}
 @String {Daidalos = {Daidalos. Studi e ricerche del Dipartimento di scienze del mondo antico}}
 @String {DAIGeschDok = {Das Deutsche Archäologische Institut. Geschichte und Dokumente}}
 @String {DaM = {Damaszener Mitteilungen}}
 @String {Daremberg-Saglio = {Dictionnaire des antiquités grecques et romaines d'après les textes et les monuments. Ouvrage rédigé sous la direction de Ch. Daremberg et E. Saglio}}%*Abweichung!
 @String {DebrecMuzEvk = {A Debreceni Déri múzeum évkönyve}}
 @String {Dedalo = {Dédalo. Revista de arte e arqueologia}}%*Abweichung!
 @String {Delos = {Exploration archéologique de Délos faite par l'École française d'Athènes}}%*Abweichung!
 @String {DeltChrA = {Δελτίον της Χριστιανικής Αρχαιολογικής Εταιρείας}}
 @String {Demircihueyuek = {Demircihüyük. Die Ergebnisse der Ausgrabungen 1975--1978}}%*Abweichung!
 @String {DeMuseus = {De museus. Quaderns de museologia i museografia}}
 @String {DenkmPflBadWuert = {Denkmalpflege in Baden-Württemberg}}%*Abweichung!
 @String {DenkschrWien = {Österreichische Akademie der Wissenschaften, Philosophisch-Historische Klasse. Denkschriften}}
 @String {Diadora = {Diadora. Glasilo arheoloskog muzeja u Zadru}}
 @String {DialA = {Dialoghi di archeologia}}
 @String {DialHistAnc = {Dialogues d'histoire ancienne}}
 @String {Dike = {Dike. Rivista di storia del diritto greco ed ellenistico. Università degli studi di Milano. Facoltà di giurisprudenza}}
 @String {Dioniso = {Dioniso. Annale della Fondazione INDA, Istituto nazionale del dramma antico}}
 @String {DiskAB = {Diskussionen zur archäologischen Bauforschung}}
 @String {DKuDenkmPfl = {Deutsche Kunst und Denkmalpflege}}
 @String {DLZ = {Deutsche Literaturzeitung für Kritik der internationalen Wissenschaft}}
 @String {DNP = {Der Neue Pauly. Enzyklopädie der Antike}}
 @String {DocAlb = {Documenta Albana}}
 @String {DocALouv = {Documents d'archéologie régionale. Université catholique de Louvain}}
 @String {DocAMerid = {Documents d'archéologie méridionale}}
 @String {DocEmRom = {Documenti. Istituto per i beni artistici, culturali, naturali della regione Emilia-Romagna}}
 @String {Dodone = {Δωδώνη}}
 @String {DOP = {Dumbarton Oaks Papers}}
 @String {DossAlet = {Les dossiers du Centre régional archéologique d'Alet}}
 @String {DossAParis = {Les dossiers d'archéologie}}
 @String {Dura-Europos = {The Excavations at Dura-Europos Conducted by Yale University and the French Academy of Inscriptions and Letters}}
 @String {EAA = {Enciclopedia dell'arte antica classica e orientale}}
 @String {EAE = {Excavaciones arqueológicas en España}}
 @String {EastWest = {East and West}}
 @String {EcAntNimes = {École antique de Nîmes. Bulletin annuel}}
 @String {EchosCl = {Echos du monde classique. Classical Views}}
 @String {eDAI-F = {e-Forschungsberichte des Deutschen Archäologischen Instituts}}
 @String {eDAI-J = {e-Jahresberichte des Deutschen Archäologischen Instituts}}
 @String {EgA = {Egyptian Archaeology. The Bulletin of the Egypt Exploration Society}}
 @String {Egnatia = {Εγνατία. Επιστημονική Επετηρίδα της Φιλοσοφικής Σχολής, Αριστοτέλειο Πανεπιστήμιο Θεσσαλονίκης, Τμήμα Ιστορίας και Αρχαιολογίας}}
 @String {EgVicOr = {Egitto e Vicino Oriente}}
 @String {Eikasmos = {Εικασμός. Quaderni bolognesi di filologia classica}}
 @String {Eirene = {Eirene. Studia Graeca et Latina}}
 @String {Elenchos = {Elenchos. Rivista di studi sul pensiero antico}}
 @String {Ellenika = {Ελληνικά. Φιλολογικόν, Ιστορικόν και Λαογραφικόν Περιοδικόν Σύγγραμμα}}
 @String {Emerita = {Emerita. Revista de linguistica y filología clasica}}
 @String {EmPrerom = {Emilia preromana}}
 @String {Empuries = {Empúries. Revista de prehistòria, arqueologia i etnologia}}%*Abweichung!
 @String {Enalia = {Ενάλια}}
 @String {EnaliaAnn = {Enalia. Annual. English Edition of the Hellenic Institute of Marine Archaeology}}
 @String {Enchoria = {Enchoria. Zeitschrift für Demotistik und Koptologie}}
 @String {Eos = {Eos. Commentarii Societatis philologae Polonorum}}
 @String {EpetBoiotMel = {Επετηρίς της Εταιρείας Βοιωτικών Μελετών}}
 @String {EpetByzSpud = {Επετηρίς της Εταιρείας Βυζαντινών Σπουδών}}
 @String {EpetKyklMel = {Επετηρίς της Εταιρείας Κυκλαδικών Μελετών}}
 @String {EphemDac = {Ephemeris Dacoromana. Annuario della Scuola Romena di Roma}}
 @String {EphemNapoc = {Ephemeris Napocensis}}
 @String {EpigrAnat = {Epigraphica Anatolica. Zeitschrift für Epigraphik und historische Geographie Anatoliens}}
 @String {EpistEpetAth = {Επιστημονική Επετηρίς της Φιλοσοφικής Σχολής του Πανεπιστημίου Αθηνών}}
 @String {EpistEpetPolytThess = {Επιστημονική Επετηρίδα της Πολυτεχνικής Σχολής, Αριστοτέλειο Πανεπιστήμιο Θεσσαλονίκης, Τμήμα Αρχιτεκτόνων}}
 @String {EpistEpetThess = {Επιστημονική Επετηρίδα της Φιλοσοφικής Σχολής του Πανεπιστημίου Θεσσαλονίκης}}
 @String {EPRO = {Études préliminaires aux religions orientales dans l'empire romain}}
 @String {Eranos = {Eranos. Acta philologica Suecana}}
 @String {EranosJb = {Eranos-Jahrbuch}}
 @String {Eretria = {Eretria. Fouilles et recherches}}
 @String {Eretz-Israel = {Eretz-Israel. Archaeological, Historical and Geographical Studies}}
 @String {Ergon = {Το Έργον της Αρχαιολογικής Εταιρείας}}
 @String {ESA = {Eurasia septentrionalis antiqua}}
 @String {EspacioHist = {Espacio, tiempo y forma. Revista de la Facultad de geografia e historia. Serie 2, Historia antigua}}
 @String {EstMadr = {Estudios de prehistoria y arqueología madrileñas}}
 @String {EstZaragoza = {Estudios del Seminario de prehistoria, arqueología e historia antigua de la Facultad de filosofía y letras de Zaragoza}}
 @String {EtACl = {Études d'archéologie classique}}
 @String {EtCl = {Les études classiques. Revue trimestrielle de recherche et d'enseignement}}
 @String {EtClAix = {Études classiques. Faculté des lettres et sciences humaines d'Aix}}
 @String {EtCret = {Études crétoises}}
 @String {Ethnos = {Ethnos. Revista do Instituto português de arqueología, história e etnografia}}
 @String {EtP = {Études de papyrologie}}
 @String {EtPezenas = {Études sur Pézenas et l'Hérault}}%*Abweichung!
 @String {EtrSt = {Etruscan Studies. Journal of the Etruscan Foundation}}
 @String {Etruscans = {Etruscans. Bulletin of the Etruscan Foundation}}
 @String {EtTrav = {Études et travaux. Studia i prace. Travaux du Centre d'archéologie méditerranéenne de l'Académie des sciences polonaise}}
 @String {Eulimene = {Ευλιμένη (Μεσογειακή Αρχαιολογική Εταιρεία)}}
 @String {Eunomia = {Eunomia. Ephemeridis Listy filologické supplementum}}
 @String {Euphrosyne = {Euphrosyne. Revista de filologia clássica}}
 @String {EurAnt = {Eurasia antiqua}}
 @String {EurRHist = {European Review of History. Revue européenne d'histoire}}
 @String {Eutopia = {Eutopia. Commentarii novi de antiquitatibus totius Europae}}
 @String {EVP = {J. D. Beazley, Etruscan Vase Painting (Oxford 1947)}}
 @String {ExcIsr = {Excavations and Surveys in Israel}}
 @String {Expedition = {Expedition. The Magazine of Archaeology, Anthropology}}
 @String {ExtremA = {Extremadura arqueológica}}
 @String {FA = {Fasti archaeologici}}
 @String {FAAK = {Forschungen zur Archäologie Außereuropäischer Kulturen}}
 @String {Faenza = {Faenza. Bollettino del Museo internazionale delle ceramiche in Faenza. Rivista bimestrale di studi storici e di tecnica dell'arte ceramica}}
 @String {FAVA = {Forschungen zur Allgemeinen und Vergleichenden Archäologie}}
 @String {Faventia = {Faventia. Departement de clássiques, Facultat de letres, Universitat autónoma de Barcelona}}
 @String {FBerBadWuert = {Forschungen und Berichte zur Vor- und Frühgeschichte in Baden-"-Württemberg}}%*Abweichung!
 @String {FdC = {Fouilles de Conimbriga. Publiées sous la direction de J. Alarcão et R. Etienne}}
 @String {FdD = {Fouilles de Delphes}}
 @String {FdX = {Fouilles de Xanthos}}
 @String {FeddersenWierde = {Feddersen Wierde. Die Ergebnisse der Ausgrabung der vorgeschichtlichen Wurt Feddersen Wierde bei Bremerhaven in den Jahren 1955 bis 1963}}%*Abweichung!
 @String {FelRav = {Felix Ravenna}}
 @String {FGrHist = {F. Jacoby, Die Fragmente der griechischen Historiker}}
 @String {FHG = {Fragmenta historicorum Graecorum}}
 @String {FiA = {Forschungen in Augst}}
 @String {FichEpigr = {Ficheiro epigráfico. Suplemento de »Conimbriga«}}
 @String {FiE = {Forschungen in Ephesos}}
 @String {FIFAO = {Fouilles de l'Institut français d'archéologie orientale du Caire}}
 @String {Figlina = {Figlina. Documents du Laboratoire de céramologie de Lyon}}
 @String {Florentia = {Florentia. Studi di archeologia}}
 @String {FlorIl = {Florentia Iliberritana. Revista de estudios de antigüedad clásica}}
 @String {FMRD = {Die Fundmünzen der römischen Zeit in Deutschland}}
 @String {FMROe = {Fundmünzen der römischen Zeit in Österreich}}%*Abweichung!
 @String {FoggArtMusAcqu = {Fogg Art Museum. Acquisitions}}
 @String {FolA = {Folia archaeologica}}
 @String {FolOr = {Folia orientalia}}
 @String {Fonaments = {Fonaments. Prehistòria i mon antic als Paisos Catalans}}
 @String {Fondamenti = {Fondamenti. Rivista quadrimestrale di cultura}}
 @String {FontAPos = {Fontes archaeologici Posnanienses}}
 @String {Fontes = {Fontes. Rivista di filologia, iconografia e storia della tradizione classica}}
 @String {Forlimpopoli = {Forlimpopoli. Documenti e studi}}
 @String {Fornvaennen = {Fornvännen. Tidskrift för svensk antikvarisk forskning}}%*Abweichung!
 @String {Forum = {Forum. Revue du Groupe d'archéologie antique}}
 @String {FR = {A. Furtwängler – K. Reichhold, Griechische Vasenmalerei (München 1900--1925)}}
 @String {FruehMitAltSt = {Frühmittelalterliche Studien. Jahrbuch des Instituts für Frühmittelalterforschung der Universität Münster}}%*Abweichung!
 @String {FuAusgrTrier = {Funde und Ausgrabungen im Bezirk Trier}}
 @String {FuB = {Forschungen und Berichte. Staatliche Museen zu Berlin}}
 @String {FuBerBadWuert = {Fundberichte aus Baden-Württemberg}}%*Abweichung!
 @String {FuBerHessen = {Fundberichte aus Hessen}}
 @String {FuBerOe = {Fundberichte aus Österreich}}%*Abweichung!
 @String {FuBerSchwab = {Fundberichte aus Schwaben}}
 @String {FuF = {Forschungen und Fortschritte}}
 @String {FuWien = {Fundort Wien. Berichte zur Archäologie}}
 @String {GacNum = {Gaceta numismática}}
 @String {Gades = {Gades. Revista del Colegio universitario de filosofía y letras}}
 @String {Gallaecia = {Gallaecia. Publicación del Departamento de prehistoria y arqueología}}
 @String {Gallia = {Gallia. Fouilles et monuments archéologiques en France metropolitaine}}
 @String {GalliaInf = {Gallia informations. Préhistoire et histoire}}
 @String {GalliaInfAReg = {Gallia informations. L'archéologie des régions}}
 @String {GalliaPrehist = {Gallia préhistoire. Archéologie de la France préhistorique}}
 @String {GaR = {Greece and Rome}}
 @String {GazBA = {Gazette des beaux-arts}}
 @String {Genava = {Genava. Revue d'histoire de l'art et d'archéologie}}
 @String {GeoAnt = {Geographia antiqua. Rivista di geografia storica del mondo antico e di storia della geografia}}
 @String {Germania = {Germania. Anzeiger der Römisch-Germanischen Kommission des Deutschen Archäologischen Instituts}}
 @String {Gesta = {Gesta. International Center of Medieval Art}}
 @String {GettyMusJ = {The J. Paul Getty Museum Journal}}
 @String {GFA = {Göttinger Forum für Altertumswissenschaft}}
 @String {GGA = {Göttingische Gelehrte Anzeigen}}
 @String {GiornFilFerr = {Giornale filologico ferrarese}}
 @String {GiornItFil = {Giornale italiano di filologia}}
 @String {GiornStorLun = {Giornale storico della Lunigiana e del territorio lucense}}
 @String {GiRoccPalermo = {Giglio di roccia}}
 @String {Gladius = {Gladius. Estudios sobre armas antiguas, armamento, arte militar y vida cultural en Oriente y Occidente}}
 @String {GlasAJ = {Glasgow Archaeological Journal}}
 @String {GlasBeograd = {GlasnikSrpskoarheolokodrutvo}}
 @String {GlasSarajevo = {Glasnik Zemaljskog muzeja Bosne i Hercegovie u Sarajevu. Arheologija}}
 @String {Glotta = {Glotta. Zeitschrift für griechische und lateinische Sprache}}
 @String {Gnomon = {Gnomon. Kritische Zeitschrift für die gesamte klassische Altertumswissenschaft}}
 @String {GodDepA = {Godišnik na Departament archeologija}}
 @String {GodMuzPlov = {Godišnik na Archeologičeski muzej Plovdiv. Annuaire du Musée archéologique Plovdiv}}
 @String {GodMuzSof = {Godišnik na Nacionalnija archeologičeski muzej. Annuaire du Musée national archéologique (Sofia)}}
 @String {GodZborSkopje = {Godišen zbornik na Filozofskiot fakultet na Universitetot vo Skopje}}
 @String {GorLet = {Goriški letnik. Zbornik Goriškega muzeja}}
 @String {GoettMisz = {Göttinger Miszellen. Beiträge zur ägyptologischen Diskussion}}%*Abweichung!
 @String {GraRaspr = {Građa i rasprave. Arheološki muzej Istre, Pula}}
 @String {GrazBeitr = {Grazer Beiträge. Zeitschrift für die Klassische Altertumswissenschaft}}
 @String {GrLatOr = {Graecolatina et orientalia. Zborník Filozofickej fakulty Univerzity Komenského}}
 @String {GrLatPrag = {Graecolatina Pragensia. Acta Universitatis Carolinae. Philologica}}
 @String {GrRomByzSt = {Greek, Roman and Byzantine Studies}}
 @String {Gymnasium = {Gymnasium. Zeitschrift für Kultur der Antike und humanistische Bildung}}
 @String {Habis = {Habis. Universidad de Sevilla. Arqueología, filología clásica}}
 @String {HallWPr = {Hallisches Winckelmannsprogramm}}
 @String {Hama = {Hama. Fouilles et recherches de la Fondation Carlsberg}}
 @String {HambBeitrA = {Hamburger Beiträge zur Archäologie}}
 @String {HambBeitrNum = {Hamburger Beiträge zur Numismatik}}
 @String {Handlingar = {Kungliga vitterhets historie och antikvitets akademiens handlingar. Antikvariska serien}}
 @String {HarvStClPhil = {Harvard Studies in Classical Philology}}
 @String {HarvTheolR = {The Harvard Theological Review}}
 @String {HASB = {Hefte des Archäologischen Seminars der Universität Bern}}
 @String {HAW = {Handbuch der Altertumswissenschaften}}
 @String {HdArch = {Handbuch der Archäologie}}
 @String {Head = {B. V. Head, Historia Numorum. A Manual of Greek Numismatics (Oxford 1887; 1911)}}
 @String {Helbig = {W. Helbig, Führer durch die öffentlichen Sammlungen klassischer Altertümer in Rom}}
 @String {Helike = {Helike. Universidad nacional de educación a distancia, Centro regional de Elche}}
 @String {Helikon = {Helikon. Rivista di tradizione e cultura classica}}
 @String {Helinium = {Helinium. Revue consacrée à l'archéologie des Pays-Bas, de la Belgique et du Grand-Duché de Luxembourg}}
 @String {Helios = {Helios. A Journal Devoted to Critical and Methodological Studies of Classical Culture, Literature and Society}}
 @String {HellenikaJb = {Hellenika. Jahrbuch für die Freunde Griechenlands}}
 @String {HelvA = {Helvetia archaeologica}}
 @String {Hephaistos = {Hephaistos. Kritische Zeitschrift zur Theorie und Praxis der Archäologie und angrenzender Wissenschaften}}
 @String {Hermes = {Hermes. Zeitschrift für klassische Philologie}}
 @String {Herrscherbild = {Das römische Herrscherbild}}
 @String {Hesperia = {Hesperia. Journal of the American School of Classical Studies at Athens}}
 @String {Hispania = {Hispania. Revista española de historia}}
 @String {HispAnt = {Hispania antiqua. Revista de historia antigua}}
 @String {HispAntEpigr = {Hispania antiqua epigraphica}}
 @String {HispEpigr = {Hispania epigraphica}}
 @String {HistAnthr = {Historische Anthropologie. Kultur, Gesellschaft, Alltag}}
 @String {HistArt = {Histoire de l'art. Bulletin d'information de l'Institut National d'Histoire de l'Art}}
 @String {Historia = {Historia. Zeitschrift für Alte Geschichte}}
 @String {Historica = {Historica. Academia RSR. Centrul de istorie, filologie şi etnografie din Craiova}}
 @String {Histria = {Histria. Les résultats des fouilles}}
 @String {HistriaA = {Histria archaeologica}}
 @String {HistriaAnt = {Histria antiqua. Casopis Meunarodnog Istraivakog Centra za Arheologiju. Journal of the International Research Centre for Archeology}}
 @String {HistSprF = {Historische Sprachforschung}}
 @String {HKL = {R. Borger, Handbuch der Keilschriftliteratur (Berlin 1967--1975)}}
 @String {Horos = {Ηόρος. Ἔνα Ἀρχαιογνωστικò Περιοδικό}}
 @String {HSS = {Harvard Semitic Series}}
 @String {HuelvaA = {Huelva arqueológica}}
 @String {HumBild = {Humanistische Bildung}}
 @String {Hyp = {Hyperboreus. Studia classica}}
 @String {HZ = {Historische Zeitschrift}}
 @String {IA = {Iberia archaeologica}}
 @String {Iberia = {Iberia. Revista della antigüedad}}
 @String {IEJ = {Israel Exploration Journal}}
 @String {IG = {Inscriptiones Graecae}}
 @String {IGCH = {M. Thompson – C. M. Kraay – O. Mørkholm, An Inventory of Greek Coin Hoards (New York 1973)}}
 @String {IGR = {Inscriptiones Graecae ad res Romanas pertinentes}}
 @String {IK = {Inschriften griechischer Städte aus Kleinasien}}
 @String {Ilerda = {Ilerda. Instituto de estudios ilerdenses}}
 @String {Iliria = {Iliria. Revistë arkeologjike}}
 @String {IllinClSt = {Illinois Classical Studies}}
 @String {ILN = {The Illustrated London News}}
 @String {ILS = {H. Dessau, Inscriptiones Latinae selectae (Berlin 1892--1916)}}
 @String {IndexQuad = {Index. Quaderni camerti di studi romanistici}}
 @String {IndogermF = {Indogermanische Forschungen}}
 @String {IndUnArtB = {Indiana University Art Museum Bulletin}}
 @String {InsFulc = {Insula Fulcheria}}
 @String {InstNautAQ = {The Institute of Nautical Archaeology Quarterly}}
 @String {IntJClTrad = {International Journal of the Classical Tradition}}
 @String {IntJNautA = {International Journal of Nautical Archaeology}}
 @String {IntZSchauBibelWiss = {Internationale Zeitschriftenschau für Bibelwissenschaft und Grenzgebiete}}
 @String {InvLuc = {Invigilata lucernis}}
 @String {Ipek = {Jahrbuch für prähistorische und ethnographische Kunst}}
 @String {Iran = {Iran. Journal of the British Institute of Persian Studies}}
 @String {IrAnt = {Iranica antiqua}}
 @String {IsrMusJ = {The Israel Museum Journal}}
 @String {IsrMusN = {The Israel Museum News}}
 @String {IsrMusStA = {Israel Museum Studies in Archaeology. An Annual Publication by the Samuel Bronfman Biblical and Archaeological Museum of the Israel Museum, Jerusalem}}
 @String {IsrNumJ = {Israel Numismatic Journal}}
 @String {IstanbAMuezYil = {Istanbul Arkeoloji Müzeleri yıllığı}}%*Abweichung!
 @String {IstForsch = {Istanbuler Forschungen}}
 @String {Isthmia = {Isthmia. Excavations by the University of Chicago under the Auspices of the American School of Classical Studies at Athens}}
 @String {IstMitt = {Istanbuler Mitteilungen}}
 @String {Italica = {Italica. Cuadernos de trabajos de la Escuela española de historia y arqueología en Roma}}
 @String {ItNostr = {Italia nostra}}
 @String {IzvBurgas = {Izvestija na Narodnija muzej Burgas. Bulletin du Musée national de Bourgas}}
 @String {IzvMuzJuzBalg = {Izvestija na muzeite ot Južna Bălgarija. Bulletin des musées de la Bulgarie du Sud}}%*Abweichung
 @String {IzvVarna = {Izvestija na Narodnija muzej Varna}}
 @String {Jabega = {Jábega. Revista de la Disputación provincial de Málaga}}%*Abweichung!
 @String {JadrZbor = {Jadranski zbornik. Prilozi za povijest Istre, Rijeke i Hrvatskog primorja}}
 @String {JAOS = {Journal of the American Oriental Society}}
 @String {JARCE = {Journal of the American Research Center in Egypt}}
 @String {JASc = {Journal of Archaeological Science}}
 @String {JbAC = {Jahrbuch für Antike und Christentum}}
 @String {JbAkMainz = {Jahrbuch. Akademie der Wissenschaften und der Literatur, Mainz}}
 @String {JbBadWuert = {Jahrbuch der Staatlichen Kunstsammlungen in Baden-Württemberg}}%*Abweichung!
 @String {JbBerlMus = {Jahrbuch der Berliner Museen}}
 @String {JbBernHistMus = {Jahrbuch des Bernischen Historischen Museums in Bern}}
 @String {JberAugst = {Jahresberichte aus Augst und Kaiseraugst}}
 @String {JberBasel = {Jahresbericht der Archäologischen Bodenforschung des Kantons Basel-Stadt}}
 @String {JberBayDenkmPfl = {Jahresbericht der Bayerischen Bodendenkmalpflege}}
 @String {JberProVindon = {Jahresbericht. Gesellschaft Pro Vindonissa}}
 @String {JberVgFrankf = {Jahresbericht des Instituts für Vorgeschichte der Universität Frankfurt a. M.}}
 @String {JberZuerich = {Jahresbericht. Schweizerisches Landesmuseum Zürich}}%*Abweichung!
 @String {JbGoett = {Jahrbuch der Akademie der Wissenschaften in Göttingen}}%*Abweichung!
 @String {JbHambKuSamml = {Jahrbuch der Hamburger Kunstsammlungen}}
 @String {JbKHMWien = {Jahrbuch des Kunsthistorischen Museums Wien}}
 @String {JbKHSWien = {Jahrbuch der Kunsthistorischen Sammlungen in Wien}}
 @String {JbKleinasF = {Jahrbuch für kleinasiatische Forschung}}
 @String {JbMuench = {Bayerische Akademie der Wissenschaften. Jahrbuch}}%*Abweichung!
 @String {JbMusKGHamb = {Jahrbuch des Museums für Kunst und Gewerbe, Hamburg}}
 @String {JbMusLinz = {Jahrbuch des Oberösterreichischen Musealvereins}}
 @String {JbOeByz = {Jahrbuch der Österreichischen Byzantinistik}}%*Abweichung!
 @String {JbPreussKul = {Jahrbuch Preussischer Kulturbesitz}}
 @String {JbRGZM = {Jahrbuch des Römisch-Germanischen Zentralmuseums Mainz}}
 @String {JbSchwUrgesch = {Jahrbuch der Schweizerischen Gesellschaft für Ur- und Frühgeschichte}}
 @String {JCS = {Journal of Cuneiform Studies}}
 @String {JdI = {Jahrbuch des Deutschen Archäologischen Instituts}}
 @String {JEA = {The Journal of Egyptian Archaeology}}
 @String {JEChrSt = {Journal of Early Christian Studies. Journal of the North American Patristics Society}}
 @String {JEOL = {Jaarbericht van het Vooraziatisch-Egyptisch Genootschap Ex Oriente Lux}}
 @String {JewelSt = {Jewellery Studies}}
 @String {JFieldA = {Journal of Field Archaeology}}
 @String {JGS = {Journal of Glass Studies}}
 @String {JHS = {The Journal of Hellenic Studies}}
 @String {JIbA = {Journal of Iberian Archaeology}}
 @String {JJurP = {The Journal of Juristic Papyrology}}
 @String {JKuGesch = {Journal für Kunstgeschichte}}
 @String {JMedA = {Journal of Mediterranean Archaeology}}
 @String {JMedAnthrA = {Journal of Mediterranean Anthropology and Archaeology}}
 @String {JMithrSt = {Journal of Mithraic Studies}}
 @String {JNES = {Journal of Near Eastern Studies}}
 @String {JNG = {Jahrbuch für Numismatik und Geldgeschichte}}
 @String {JPrehistRel = {Journal of Prehistoric Religion}}
 @String {JRA = {Journal of Roman Archaeology}}
 @String {JRomMilSt = {Journal of Roman Military Equipment Studies}}
 @String {JRomPotSt = {Journal of Roman Pottery Studies}}
 @String {JRS = {Journal of Roman Studies}}
 @String {JSav = {Journal des savants}}
 @String {JSchrVgHalle = {Jahresschrift für mitteldeutsche Vorgeschichte}}
 @String {JSS = {Journal of Semitic Studies}}
 @String {JTheorA = {Journal of Theoretical Archaeology}}
 @String {Jura = {Iura. Rivista internazionale di diritto romano e antico}}
 @String {JWaltersArtGal = {The Journal of the Walters Art Gallery}}
 @String {JWCI = {Journal of the Warburg and Courtauld Institutes}}
 @String {Kadmos = {Kadmos. Zeitschrift für vor- und frühgriechische Epigraphik}}
 @String {Kairos = {Kairos. Zeitschrift für Judaistik und Religionswissenschaft}}
 @String {Kalapodi = {Kalapodi. Ergebnisse der Ausgrabungen im Heiligtum der Artemis und des Apollon von Hyampolis in der antiken Phokis}}
 @String {Kalathos = {Kalathos. Revista del Seminario de arqueología y etnología Turolense, Universidad de Teruel}}
 @String {Kalos = {Kalós. Arte in Sicilia}}%*Abweichung!
 @String {Karthago = {Karthago. Revue d'archéologie mediterranéenne}}
 @String {Kemi = {Kêmi. Revue de philologie et d'archéologie égytiennes et coptes}}%*Abweichung!
 @String {Kenchreai = {Kenchreai. Eastern Port of Corinth. Results of Investigations by the University of Chicago and Indiana University for the American School of Classical Studies at Athens}}
 @String {KentAR = {Kent Archaeological Review}}
 @String {Keos = {Keos. Results of Excavations Conducted by the University of Cincinnati under the Auspices of the American School of Classical Studies at Athens}}
 @String {Kerameikos = {Kerameikos. Ergebnisse der Ausgrabungen}}
 @String {Kernos = {Kernos. Revue internationale et pluridisciplinaire de religion grecque antique}}
 @String {Klearchos = {Klearchos. Bollettino dell'Associazione Amici del Museo nazionale di Reggio Calabria}}
 @String {Kleos = {Kleos. Estemporaneo di studi e testi sulla fortuna dell'antico}}
 @String {Klio = {Klio. Beiträge zur alten Geschichte}}
 @String {Kodai = {Kodai. Journal of Ancient History}}
 @String {KoelnJb = {Kölner Jahrbuch}}%*Abweichung!
 @String {KoelnMusB = {Kölner Museums-Bulletin. Berichte und Forschungen aus den Museen der Stadt Köln}}%*Abweichung!
 @String {Kokalos = {Kώκαλος. Studi pubblicati dall’Istituto di storia antica dell’Università di Palermo}}%*Abweichung!
 @String {KollAVA = {Kolloquien zur Allgemeinen und Vergleichenden Archäologie}}
 @String {Kratylos = {Kratylos. Kritisches Berichts- und Rezensionsorgan für indogermanische und allgemeine Sprachwissenschaft}}
 @String {KretChron = {Κρητικά Χρονικά}}
 @String {KSIA = {Kratkie soobščenija o dokladach i polevych issledovanijach Instituta archeologii}}
 @String {KSIAKiev = {Kratkie soobščenija Instituta archeologii, Kiev}}
 @String {KST = {Kazı Sonuçları Toplantısı}}
 @String {Ktema = {Ktema. Civilisations de l'Orient, de la Grèce et de Rome antiques}}
 @String {KuGeschAnz = {Kunstgeschichtliche Anzeigen}}
 @String {Kuml = {Kuml. Årbog for Jysk Arkaeologisk Selskab}}
 @String {Kunstchronik = {Kunstchronik. Monatsschrift für Kunstwissenschaft, Museumswesen und Denkmalpflege, Mitteilungsblatt des Verbandes Deutscher Kunsthistoriker}}
 @String {KuOr = {Kunst des Orients}}
 @String {Kush = {Kush. Journal of the National Corporation for Antiquities and Museums (NCAM)}}
 @String {KuWeltBerlMus = {Kunst der Welt in den Berliner Museen}}
 @String {KypA = {Κυπριακή Αρχαιολογία. Archaeologia Cypria}}
 @String {KypSpud = {Κυπριακαì Σπουδαί}}
 @String {Labeo = {Labeo. Rassegna di ritritto romano}}
 @String {LAe = {Lexikon der Ägyptologie}}%*Abweichung!
 @String {Laietania = {Laietania. Estudios d'arqueologia del Maresme}}
 @String {Lampas = {Lampas. Tijdschrift voor nederlandse classici}}
 @String {Lancia = {Lancia. Revista de prehistoria, arqueología e historia antigua del noreste peninsular}}
 @String {LandKunVierJBl = {Landeskundliche Vierteljahrsblätter. Trier}}
 @String {LangOrAnc = {Langues orientales anciennes. Philologie et linguistique}}
 @String {Latinitas = {Latinitas. Commentarii linguae Latinae excolendae provehendae}}
 @String {Latomus = {Latomus. Revue d'études latines}}
 @String {Laverna = {Laverna. Beiträge zur Wirtschafts- und Sozialgeschichte der Alten Welt}}
 @String {LCS = {A. D. Trendall, The Red-figured Vases of Lucania, Campania and Sicily (Oxford 1967--­1983)}}
 @String {Levant = {Levant. Journal of the British School of Archaeology in Jerusalem and the British Institute at Amman for Archaeology and History}}
 @String {Lexis = {Lexis. Poetica, retorica e comunicazione nella tradizione classica}}
 @String {LF = {Listy filologické}}
 @String {LibSt = {Libyan Studies}}
 @String {LibyaAnt = {Libya antiqua}}
 @String {LibycaBServAnt = {Libyca. Bulletin du Service des antiquités. Archéologie, épigraphie}}
 @String {LibycaTrav = {Libyca. Travaux du Laboratoire d'anthropologie et d'archéologie préhistorique du Musée du Bardo}}
 @String {Liddell-­Scott-Jones = {G. Liddell – R. Scott – H. S. Jones, A Greek-English Lexikon \textsuperscript{9}(1996); Suppl. (1996)}}%*Abweichung!
 @String {LIMC = {Lexikon iconographicum mythologiae classicae}}
 @String {Limesforschungen = {Limesforschungen. Studien zur Organisation der römischen Reichsgrenze an Rhein und Donau}}
 @String {Lindos = {Lindos. Fouilles et recherches}}
 @String {LingIt = {Linguistica, epigrafia, filologia italica}}
 @String {LTUR = {Lexikon topographicum urbis Romae}}
 @String {Lucentum = {Lucentum. Anales de la Universidad de Alicante. Prehistoria, arqueología e historia antigua}}
 @String {LundAR = {Lund Archaeological Review}}
 @String {Lustrum = {Lustrum. Internationale Forschungsberichte aus dem Bereich des klassischen Altertums}}
 @String {Lykia = {Lykia. Anadolu-akdeniz kültürleri}}
 @String {MacActaA = {Macedoniae acta archaeologica}}
 @String {Maecenas = {Maecenas. Studi sul mondo classico}}
 @String {MAGesGraz = {Mitteilungen der Archäologischen Gesellschaft Graz}}
 @String {MAGesStei = {Mitteilungen der Archäologischen Gesellschaft Steiermark}}
 @String {Maia = {Maia. Rivista di letterature classiche}}
 @String {Mainake = {Mainake. Estudios de arqueología Malagueña}}
 @String {MAInstUngAk = {Mitteilungen des Archäologischen Instituts der Ungarischen Akademie der Wissenschaften}}
 @String {MainzZ = {Mainzer Zeitschrift}}
 @String {MakedNasl = {Makedonsko nasledstvo. Spisanie za arheologija, istorija, istorija na umetnosta i etnologija}}
 @String {Makedonika = {Μακεδονικά. Σύγγραμμα Περιοδικόν της Εταιρείας Μακεδονικών Σπουδών}}
 @String {MAMA = {Monumenta Asiae Minoris antiqua. Publications of the American Society for Archaeological Research in Asia Minor}}
 @String {MAnthrWien = {Mitteilungen der Anthropologischen Gesellschaft in Wien}}
 @String {MARo = {Monumenta artis Romanae}}
 @String {MarbWPr = {Marburger Winckelmann-Programm}}
 @String {Marche = {Le Marche. Archeologia, storia, territorio}}
 @String {Mari = {Mari. Annales de recherches interdisciplinaires}}
 @String {Marisia = {Marisia. Studii şi materiale. Arheologie, istorie, etnografie}}
 @String {MarNero = {Il Mar Nero. Annali di archeologia e storia}}
 @String {Marsyas = {Marsyas. Studies in the History of Art}}
 @String {MascaJ = {Masca Journal. Museum Applied Science Center for Archaeology, University of Pennsylvania}}
 @String {MascaP = {Masca Research Papers in Science and Archaeology}}
 @String {Mastia = {Mastia. Revista del Museo arqueológico municipal de Cartagena}}
 @String {MatABSSR = {Materialy po archeologii BSSR}}
 @String {MatASevPri = {Materialy po archeologii severnogo Pričernomor’ja}}
 @String {MatCercA = {Materiale şi cercetări arheologice}}
 @String {MatIsslA = {Materialy i issledovanija po archeologii SSSR}}
 @String {MatStar = {Materiały starożytne}}
 @String {MatStarWczes = {Materiały starożytne i wczesnośredniowieczne}}
 @String {MatTestiCl = {Materiali e discussioni per l'analisi dei testi classici}}
 @String {MatWczes = {Materiały wczesnośredniowieczne}}
 @String {MAVA = {Materialien zur Allgemeinen und Vergleichenden Archäologie}}
 @String {MB = {Madrider Beiträge}}
 @String {MBAH = {Marburger Beiträge zur antiken Handels-, Wirtschafts- und Sozialgeschichte, vor Jahrgang 2009 Münstersche Beiträge zur antiken Handelsgeschichte}}
 @String {MBlVFruehGesch = {Mitteilungsblatt für Vor- und Frühgeschichte}}%*Abweichung!
 @String {MDAIK = {Mitteilungen des Deutschen Archäologischen Instituts, Abteilung Kairo}}
 @String {MDAVerb = {Mitteilungen des Deutschen Archäologen-Verbandes e.V.}}
 @String {MdI = {Mitteilungen des Deutschen Archäologischen Instituts}}
 @String {MDOG = {Mitteilungen der Deutschen Orient-Gesellschaft zu Berlin}}
 @String {Meander = {Meander. Miesięcznik poświęcony kulturze świata starożytnego}}
 @String {MedA = {Mediterranean Archaeology}}
 @String {MedAnt = {Mediterraneo antico. Economie, società, culture}}
 @String {MeddelGlypt = {Meddelelser fra Ny Carlsberg Glyptotek}}
 @String {MeddelLund = {Meddelanden från Lunds universtitets historiska museum}}
 @String {MeddelThor = {Meddelelser fra Thorvaldsens Museum}}
 @String {MededRom = {Mededelingen van het Nederlands instituut te Rome}}
 @String {MedelhavsMusB = {Medelhavsmuseet. Bulletin}}
 @String {MedHistR = {Mediterranean Historical Review}}
 @String {MedievA = {Medieval Archaeology. Journal of the Society for Medieval Archaeology}}
 @String {MediSec = {Medicina nei secoli. Arte e scienza}}
 @String {MEFRA = {Mélanges de l'École française de Rome. Antiquité}}
 @String {MelBeyrouth = {Mélanges de l'Université Saint-Joseph}}
 @String {MelCasaVelazquez = {Mélanges de la Casa de Velázquez. Antiquité et moyen âge}}
 @String {MemAcInscr = {Mémoires de l'Académie des inscriptions et belles-lettres}}
 @String {MemAmAc = {Memoirs of the American Academy in Rome}}
 @String {MemAnt = {Memoria antiquitatis. Acta Musei Petrodavensis. Revista Muzeului arheologic Piatra Neamţ}}
 @String {MemAntFr = {Mémoires de la Société nationale des antiquaires de France}}
 @String {MemBarcelA = {Memoria. Universidad de Barcelona, Instituto de arqueología y prehistoria}}
 @String {MemBologna = {Atti de la Accademia delle scienze dell'Istituto di Bologna. Memorie}}
 @String {MemHistAnt = {Memorias de historia antigua (Universidad de Oviedo)}}
 @String {MemInstNatFr = {Mémoires de l'Institut national de France}}
 @String {MemLinc = {Atti dell'Accademia nazionale dei Lincei, Classe di scienze morali, storiche e filologiche. Memorie}}
 @String {MemNap = {Memorie dell'Accademia di archeologia, lettere e belle arti di Napoli}}
 @String {MemPontAc = {Atti della Pontificia accademia romana di archeologia. Memorie}}
 @String {MemStor = {Memoria storica. Rivista del Centro studi storici terni}}
 @String {MemStorFriuli = {Memorie storiche forogiuliesi}}
 @String {Merida = {Mérida. Ciudad y patrimonio}}%*Abweichung!
 @String {MeridaMem = {Mérida. Excavaciones arqueológicas. Memoria}}%*Abweichung!
 @String {Meroitica = {Meroitica. Schriften zur altsudanesischen Geschichte und Archäologie}}
 @String {Mesopotamia = {Mesopotamia. Rivista di archeologia}}
 @String {Messana = {Messana. Rassegna di studi filologici, linguistici e storici}}
 @String {Metis = {Métis. Revue d'anthropologie du monde grec ancien}}%*Abweichung!
 @String {MetrMusJ = {Metropolitan Museum Journal}}
 @String {MetrMusSt = {Metropolitan Museum Studies}}
 @String {MF = {Madrider Forschungen}}
 @String {MFruehChrOe = {Mitteilungen zur frühchristlichen Archäologie in Österreich}}%*Abweichung!
 @String {Milet = {Milet. Ergebnisse der Ausgrabungen und Untersuchungen seit dem Jahr 1899}}
 @String {MilForsch = {Milesische Forschungen}}
 @String {MinEpigrP = {Minima epigraphica et papyrologica. Taccuini della cattedra e del laboratorio di epigrafia e papirologia giuridica dell'Università degli studi di Catanzaro »Magna Graecia«}}
 @String {Minerva = {Minerva. Revista de filología clásica}}
 @String {Minos = {Minos. Revista de filología egea}}
 @String {MInstWasser = {Mitteilungen. Leichtweiss-Institut für Wasserbau der Technischen Universität Braunschweig}}
 @String {MIO = {Mitteilungen des Instituts für Orientforschung}}
 @String {MiscCrAnt = {Miscellanea di studi di letteratura christiana antica}}
 @String {MiscStStor = {Miscellanea di studi storici}}
 @String {MitChrA = {Mitteilungen zur christlichen Archäologie}}
 @String {MKT = {Menschen – Kulturen – Traditionen. Studien aus den Forschungsclustern des Deutschen Archäologischen Instituts}}
 @String {MKuHistFlorenz = {Mitteilungen des Kunsthistorischen Institutes in Florenz}}
 @String {MKul = {Mitteilungen zur Kulturkunde}}
 @String {MM = {Madrider Mitteilungen}}
 @String {Mnemosyne = {Mnemosyne. A Journal of Classical Studies}}
 @String {MOeNumGes = {Mitteilungen der Österreichischen Numismatischen Gesellschaft}}%*Abweichung!
 @String {MonAnt = {Monumenti antichi}}
 @String {MonInst = {Monumenti inediti pubblicati dall'Istituto Archeologico}}
 @String {MonPiot = {Monuments et mémoires. Fondation E. Piot}}
 @String {MonPitt = {Monumenti della pittura antica scoperti in Italia}}
 @String {Mozia = {Mozia. Rapporto preliminare della missione congiunta con la Soprintendenza alle antichità della Sicilia occidentale}}
 @String {MPraehistKomWien = {Mitteilungen der Prähistorischen Kommission der Österreichischen Akademie der Wissenschaften}}%*Abweichung!
 @String {MSAtene = {Monografie della Scuola archeologica di Atene e delle missioni italiane in Oriente}}
 @String {MSchliemann = {Mitteilungen aus dem Heinrich-Schliemann-Museum Ankershagen}}
 @String {MSchwUrFruehGesch = {Mitteilungsblatt der Schweizerischen Gesellschaft für Ur- und Frühgeschichte}}%*Abweichung!
 @String {MSpaetAByz = {Mitteilungen zur spätantiken Archäologie und byzantinischen Kunstgeschichte}}%*Abweichung!
 @String {MueJb = {Münchner Jahrbuch der bildenden Kunst}}%*Abweichung!
 @String {MuenchBeitrVFG = {Münchner Beiträge zur Vor- und Frühgeschichte}}%*Abweichung!
 @String {MuenchStSprWiss = {Münchener Studien zur Sprachwissenschaft}}%*Abweichung!
 @String {MuM = {Münzen und Medaillen}}
 @String {MusAfr = {Museum Africum. West African Journal of Classical and Related Studies}}
 @String {MusBenaki = {Μουσείο Μπενάκη}}
 @String {MusCrit = {Museum criticum}}
 @String {Muse = {Muse. Annual of the Museum of Art and Archaeology, University of Missouri, Columbia}}
 @String {Museon = {Le Muséon. Revue d'études orientales}}%*Abweichung!
 @String {MuseumUnesco = {Museum. A Quarterly Review Published by UNESCO}}
 @String {MusFerr = {Musei Ferraresi. Bollettino annuale}}
 @String {MusGalIt = {Musei e gallerie d'Italia}}
 @String {MusHaaretz = {Museum Haaretz, Tel Aviv. Yearbook}}
 @String {MusHelv = {Museum Helveticum}}
 @String {MusKoeln = {Museen in Köln. Bulletin}}%*Abweichung!
 @String {MusNotAmNumSoc = {Museum Notes. The American Numismatic Society}}
 @String {MusPontevedra = {El Museo de Pontevedra}}
 @String {MusRiv = {Museo in rivista. Notiziario dei Musei civici di Pavia}}
 @String {MusTusc = {Museum Tusculanum. København}}
 @String {MuzEvkSzeged = {A Móra Ferenc múzeum évkönyve}}
 @String {MuzNa = {MuzeulnaionalBucureti}}
 @String {MuzPamKul = {Muzei i pametnici na kulturata}}
 @String {NachrArbUWA = {Nachrichtenblatt Arbeitskreis Unterwasserarchäologie}}
 @String {NapNobil = {Napoli nobilissima}}
 @String {NassAnn = {Nassauische Annalen}}
 @String {NAWG = {Nachrichten der Akademie der Wissenschaften in Göttingen. Philologisch-Historische Klasse}}
 @String {NBWorcArtMus = {News Bulletin and Calendar. Worcester Art Museum}}
 @String {NEphemSemEpigr = {Neue Ephemeris für semitische Epigraphik}}
 @String {NewsletterAthen = {Newsletter of the Netherlands Institute at Athens}}
 @String {NewsletterPotTech = {Newsletter. Department of Pottery Technology, University of Leiden}}
 @String {NGWG = {Nachrichten von der Gesellschaft der Wissenschaften zu Göttingen. Philologisch-Historische Klasse}}
 @String {NigCl = {Nigeria and the Classics}}
 @String {Nikephoros = {Nikephoros. Zeitschrift für Sport und Kultur im Altertum}}
 @String {Nin = {Nin. Journal of Gender Studies in Antiquity}}
 @String {NNM = {American Numismatic Society. Numismatic Notes and Monographs}}
 @String {NomChron = {Νομισματικά Χρονικά. Περιοδική Έκδωσις της Ελληνικής Νομισματικής Εταιρείας}}
 @String {Norba = {Norba. Revista de arte, geografía e historia}}
 @String {NordNumArs = {Nordisk numismatisk årsskrift. Utgiven av Kungliga vitterhets historie och antikvitets akademien i samarbete med Nordisk numismatisk union}}
 @String {NotABerg = {Notizie archeologiche bergomensi. Periodico di archeologia del Civico museo archeologico di Bergamo}}
 @String {NotAHisp = {Noticiario arqueológico hispánico. Arqueología}}
 @String {NotAHispPrehistoria = {Noticiario arqueológico hispánico. Prehistoria}}
 @String {NotAllumiere = {Notiziario. Museo civico, Associazione archeologica, Allumiere}}
 @String {NotALomb = {Notiziario. Soprintendenza archeologica della Lombardia}}
 @String {NotMilano = {Notizie dal chiostro del monastero maggiore. Rassegna di studi del Civico museo archeologico e del Civico gabinetto numismatico di Milano}}
 @String {NouvClio = {La nouvelle Clio}}
 @String {Novaensia = {Novaensia. Badania Ekspedycji archeologicznej Uniwersytetu warszawskiego w Novae}}
 @String {NSc = {Notizie degli scavi di antichità}}
 @String {NStFan = {Nuovi studi fanesi}}
 @String {NubChr = {Nubia christiana}}
 @String {NubLet = {Nubian Letters}}
 @String {NueBlA = {Nürnberger Blätter zur Archäologie. Publikationsreihe des Bildungszentrums der Stadt Nürnberg, Fachbereich Archäologie}}%*Abweichung!
 @String {NumAntCl = {Numismatica e antichità classiche. Quaderni ticinesi}}
 @String {Numantia = {Numantia. Investigaciones arqueológicas en Castilla y León}}
 @String {NumChron = {The Numismatic Chronicle. The Journal of the Royal Society}}
 @String {Numen = {Numen. International Review for the History of Religions}}
 @String {NumEpigr = {Numizmatika i epigrafika}}
 @String {Numisma = {Numisma. Revista de la Sociedad iberoamericana de estudios numismáticos}}
 @String {NumismaticaRom = {Numismatica. Periodico di cultura e di informazione numismatica}}
 @String {Numizmaticar = {Numizmatičar. Casopis za anticki i stari jugoslavenski novac}}%*Abweichung!
 @String {Nummus = {Nummus. Sociedade portuguesa de numismatica}}
 @String {NumZ = {Numismatische Zeitschrift}}
 @String {NuovDidask = {Nuovo Didaskaleion}}
 @String {OccasPublClSt = {Occasional Publications in Classical Studies}}
 @String {OccOr = {Occident and Orient}}
 @String {OGIS = {W. Dittenberger, Orientis Graeci inscriptiones selectae (Leipzig 1903--­1905)}}
 @String {OeJh = {Jahreshefte des Österreichischen Archäologischen Institutes in Wien}}%*Abweichung!
 @String {OF = {Olympische Forschungen}}
 @String {Offa = {Offa. Berichte und Mitteilungen zur Urgeschiche, Frühgeschichte und Mittelalterarchäologie}}
 @String {Ogam = {Ogam. Bulletin des Amis de la tradition celtique}}
 @String {Oikumene = {Oikumene. Studia ad historiam antiquam classicam et orientalem pertinentia}}
 @String {OIP = {Oriental Institute Publications}}
 @String {Olba = {Olba. Mersin Üniversitesi Kilikia Arkeolojisini Araştırma Merkezi yayınları}}
 @String {OlBer = {Bericht über die Ausgrabungen in Olympia}}
 @String {Olympia = {Olympia. Die Ergebnisse der von dem Deutschen Reich veranstalteten Ausgrabung (Berlin 1890--­1897)}}
 @String {Olynthus = {Excavations at Olynthus}}
 @String {OLZ = {Orientalistische Literaturzeitung}}
 @String {OpArch = {Skrifter utgivna av Svenska institutet i Rom. Opuscula archaeologica}}
 @String {OpAth = {Opuscula Atheniensia}}
 @String {OpFin = {Opuscula Instituti Romani Finlandiae}}
 @String {OpPomp = {Opuscula Pompeiana}}
 @String {OpRom = {Opuscula Romana}}
 @String {Opus = {Opus. Rivista internazionale per la storia economica e sociale dell’antichità}}
 @String {Or = {Orientalia (Pontificio Istituto biblico)}}
 @String {OrA = {Orient-Archäologie}}
 @String {OrAnt = {Oriens antiquus. Rivista del Centro per le antichità e la storia dell’arte del Vicino Oriente}}
 @String {OrbTerr = {Orbis terrarum. Internationale Zeitschrift für historische Geographie der Alten Welt}}
 @String {OrChr = {Oriens christianus}}
 @String {OrChrPer = {Orientalia christiana periodica}}
 @String {Ordona = {Ordona. Rapports et études}}
 @String {Orient = {Orient. The Reports of the Society for Near Eastern Studies in Japan}}
 @String {Origini = {Origini. Preistoria e protostoria delle civiltà antiche}}
 @String {Orizzonti = {Orizzonti. Rassegna di archeologia}}
 @String {Orpheus = {Orpheus. Rivista di umanità classica e cristiana}}
 @String {OrpheusThracSt = {Orpheus. Journal of Indo-European, Palaeo-Balkan and Thracian Studies}}
 @String {OrSu = {Orientalia Suecana. An International Journal of Indological, Iranian, Semitic, Turkic Studies}}
 @String {OsjZbor = {Osjekizbornik}}
 @String {OstbGrenzm = {Ostbairische Grenzmarken. Passauer Jahrbuch für Geschichte, Kunst und Volkskunde}}
 @String {Ostraka = {Ostraka. Rivista di antichità}}
 @String {OudhMeded = {Oudheidkundige mededelingen uit het Rijksmuseum van oudheden te Leiden}}
 @String {OxfJA = {Oxford Journal of Archaeology}}
 @String {OxfStPhilos = {Oxford Studies in Ancient Philosophy}}
 @String {Pact = {Pact. Revue du Groupe européen d’études pour les techniques physiques, chimiques et mathématiques appliquées à l’archéologie}}
 @String {Padusa = {Padusa. Bolletino del Centro polesano di studi storici, archeologici ed etnografici, Rovigo}}
 @String {PagA = {Pagine di archeologia. Studi e materiali}}
 @String {PAI = {Polevye archeologičeskie issledovanija}}
 @String {Paideuma = {Paideuma. Mitteilungen zur Kulturkunde}}
 @String {Palaeohistoria = {Palaeohistoria. Acta et communicationes Instituti bio-archaeologici universitatis Groninganae}}
 @String {Paleohispanica = {Paleohispánica. Revista sobre lenguas y culturas de la Hispania antigua}}%*Abweichung!
 @String {Palladio = {Palladio. Rivista di storia dell’architettura}}
 @String {Pallas = {Pallas. Revue d’études antiques}}
 @String {Palmet = {Palmet. Sadberk Hanım Müzesi yıllığı}}
 @String {PamA = {Památky archeologické}}
 @String {Pan = {Pan. Studi dell’Istituto di filologia latina}}
 @String {PapBilb = {Papeles Bilbilitanos}}
 @String {Papyri = {Papyri. Bollettino del Museo del papiro}}
 @String {Parthica = {Parthica. Incontri di culture nel mondo antico}}
 @String {Partenope = {Partenope. Rivista trimestrale di cultura napoletana}}
 @String {PAS = {Prähistorische Archäologie in Südosteuropa}}
 @String {PBF = {Prähistorische Bronzefunde}}
 @String {Pegasus = {Pegasus. Berliner Beiträge zum Nachleben der Antike}}
 @String {PEQ = {Palestine Exploration Quarterly}}
 @String {Peristil = {Peristil. Zbornik radova za povijest umjetnosti}}
 @String {Persica = {Persica. Jaarboek van het Genootschap Nederland-Iran, Stichting voor culturele betrekkingen}}
 @String {Peuce = {Peuce. Studii şi comunicări de istorie veche, arheologie şi numismatică}}
 @String {PF = {Pergamenische Forschungen}}
 @String {Pharos = {Pharos. Journal of the Netherlands Institute at Athens}}
 @String {Philologus = {Philologus. Zeitschrift für das klassische Altertum}}
 @String {Phoenix = {Phoenix. The Journal of the Classical Association of Canada}}
 @String {PhoenixExOrLux = {Phoenix. Bulletin uitgegeven door het Vooraziatisch-Egyptisch Genootschap »Ex Oriente Lux«}}
 @String {Phoibos = {Phoibos. Bulletin du Cercle de philologie classique et orientale de l’Université libre de Bruxelles}}
 @String {Phronesis = {Phronesis. A Journal for Ancient Philosophy}}
 @String {Picus = {Picus. Studi e ricerche sulle Marche nell’antichità}}
 @String {LPIR = {Prosopographia Imperii Romani}}
 @String {PKG = {Propyläen Kunstgeschichte}}
 @String {Platon = {Πλάτον. Δελτίον της Εταιρείας Ελλήνων Φιλολόγων}}
 @String {PLup = {Papyrologica Lupiensia}}
 @String {PolAMed = {Polish Archaeology in the Mediterranean}}
 @String {Polemon = {Πολέμων. Αρχαιολογικόν Περιοδικόν}}
 @String {Polis = {Polis. Revista de ideas y formas políticas de la antigüedad clásica}}
 @String {PompHercStab = {Pompeii, Herculaneum, Stabiae. Bolletino. Associazione internazionale Amici di Pompei}}
 @String {Pontica = {Pontica. Studii şi materiale de istorie, arheologie şi muzeografie, Constanţa}}
 @String {Portugalia = {Portugália. Revista do Instituto de arqueologia da Faculdade de letras da Universidade do Porto}}
 @String {PP = {La parola del passato}}
 @String {PPM = {Pompei: Pitture e mosaici. Enciclopedia dell’arte antica classica e orientale}}
 @String {PraceA = {Prace archeologiczne}}
 @String {PraceMatLodz = {Prace i materialy Muzeum archeologicznego i etnograficznego w Łodzi}}%*Abweichung!
 @String {Prakt = {Πρακτικά της εν Αθήναις Αρχαιολογικής Εταιρείας}}
 @String {PraktAkAth = {Πρακτικά της Ακαδημίας Αθηνών}}
 @String {PreistAlp = {Preistoria alpina. Museo tridentino di scienze naturali}}
 @String {PriloziZagreb = {Prilozi Instituta za arheologiju u Zagrebu}}
 @String {PrincViana = {Principe di Viana}}
 @String {ProblIsk = {Problemi na izkustvoto. Trimesecno spisanie za estetika, teorija, istorija i kritika na izkustvoto}}
 @String {ProcAfrClAss = {The Proceedings of the African Classical Associations}}
 @String {ProcCambrPhilSoc = {Proceedings of the Cambridge Philological Society}}
 @String {ProcDanInstAth = {Proceedings of the Danish Institute at Athens}}
 @String {ProcPrehistSoc = {Proceedings of the Prehistoric Society}}
 @String {Prometheus = {Prometheus. Rivista quadrimestrale di studi classici}}
 @String {ProspAQuad = {Prospezioni archeologiche. Quaderni}}
 @String {Prospettiva = {Prospettiva. Rivista di storia dell’arte antica e moderna}}
 @String {Prospezioni = {Prospezioni. Bollettino di informazioni scientifiche}}
 @String {ProvHist = {Provence historique}}
 @String {ProvLucca = {La provincia di Lucca}}
 @String {PublInstTTMeneses = {Publicaciones de la Institución »Tello Téllez de Meneses«}}
 @String {Pulpudeva = {Pulpudeva. Semaines philippopolitaines de l’histoire et de la culture thrace}}
 @String {Puteoli = {Puteoli. Studi di storia antica}}
 @String {Pyrenae = {Pyrenae. Crónica arqueológica}}
 @String {PZ = {Prähistorische Zeitschrift}}
 @String {QDAP = {The Quarterly of the Department of Antiquities in Palestine}}
 @String {QuadABarcel = {Quaderns d’arqueologia i història de la ciutat (Barcelona)}}
 @String {QuadACagl = {Quaderni. Soprintendenza archeologica per la provincie di Cagliari e Oristano}}
 @String {QuadACal = {Quaderni del Dipartimento delle arti, Università della Calabria}}
 @String {QuadALibya = {Quaderni di archeologia della Libia}}
 @String {QuadAMant = {Quaderni di archeologia del Mantovano}}
 @String {QuadAMess = {Quaderni di archeologia, Università di Messina}}
 @String {QuadAOst = {Quaderni del Gruppo archeologico ostigliese}}
 @String {QuadAPiem = {Quaderni della Soprintendenza archeologica del Piemonte}}
 @String {QuadAquil = {Quaderni aquileiesi}}
 @String {QuadAReggio = {Quaderni d’archeologia reggiana}}
 @String {QuadAVen = {Quaderni di archeologia del Veneto}}
 @String {QuadCast = {Quaderns de prehistòria i arqueologia de Castelló}}
 @String {QuadCat = {Quaderni catanesi di studi classici e medievali}}
 @String {QuadChieti = {Quaderni dell’Istituto di archeologia e storia antica, Università di Chieti}}
 @String {QuadErb = {Quaderni erbesi. Civico museo archeologico di Erba}}
 @String {QuadFriulA = {Quaderni friulani di archeologia}}
 @String {QuadGerico = {Quaderni di Gerico}}
 @String {QuadIstFilGr = {Quaderni dell’Istituto di filologia greca}}
 @String {QuadIstLat = {Quaderni dell’Istituto di lingua e letteratura latina, Università di Roma}}
 @String {QuadLecce = {Quaderni. Istituto di lingue e letterature classiche, Facoltà di magistero, Università degli studi, Lecce}}
 @String {QuadMusPontecorvo = {Museo civico Pontecorvo. Quaderni}}
 @String {QuadMusSalinas = {Quaderni del Museo archeologico regionale Antonino Salinas}}
 @String {QuadProtost = {Quaderni di protostoria. Università di Perugia}}
 @String {QuadStLun = {Quaderni. Centro studi lunensi}}
 @String {QuadStor = {Quaderni di storia}}
 @String {QuadStorici = {Quaderni storici}}
 @String {QuadUrbin = {Quaderni urbinati di cultura classica}}
 @String {Quaternaria = {Quaternaria. Storia naturale e culturale del quaternario}}
 @String {RA = {Revue archéologique}}
 @String {RAArtLouv = {Revue des archéologues et historiens d’art de Louvain}}
 @String {RAC = {Reallexikon für Antike und Christentum}}
 @String {RACFr = {Revue archéologique du Centre de la France}}
 @String {RAComo = {Rivista archeologica dell’antica provincia e diocesi di Como}}
 @String {RACr = {Rivista di archeologia cristiana}}
 @String {RadAkZadar = {Radovi Zavoda za povijesne znanosti, Hrvatska akademija znanosti i umjetnosti u Zadru}}
 @String {Radiocarbon = {Radiocarbon. An International Journal of Cosmogenic Isotope Research}}
 @String {RadSplit = {Radovi. Razdio povijesnih znanosti}}
 @String {RAE = {Revue archéologique de l’Est et du Centre-Est}}
 @String {Raggi = {Raggi. Zeitschrift für Kunstgeschichte und Archäologie}}
 @String {RAMadrid = {Revista de arqueología}}
 @String {RANarb = {Revue archéologique de Narbonnaise}}
 @String {RAPon = {Revista d’arqueologia de Ponent}}
 @String {RapWyk = {Raporty wykopaliskowe}}
 @String {RArchBiblMus = {Revista de archivos, bibliotecas y museos}}
 @String {RArcheom = {Revue d’archéométrie}}
 @String {RArtMus = {La revue des arts. Musées de France}}
 @String {RassAPiomb = {Rassegna di archeologia. Associazione archeologica piombinese}}
 @String {RassLazio = {Rassegna del Lazio}}
 @String {RassStorSalern = {Rassegna storica salernitana}}
 @String {RassVolt = {Rassegna volterrana}}
 @String {RAssyr = {Revue d’assyriologie et d’archéologie orientale}}
 @String {Ratiariensia = {Ratiariensia. Studi e materiali mesici e danubiani}}
 @String {RAtlMed = {Revista atlántica-\-mediterránea de prehistoria y arqueología social}}
 @String {RavStRic = {Ravenna studi e ricerche}}
 @String {Raydan = {Raydan. Journal of the Ancient Yemeni Antiquities and Epigraphy}}
 @String {RB = {Revue biblique}}
 @String {RBelgNum = {Revue belge de numismatique et de sigillographie}}
 @String {RBelgPhilHist = {Revue belge de philologie et d’histoire}}
 @String {LRBK = {Reallexikon zur byzantinischen Kunst}}
 @String {RCulClMedioev = {Rivista di cultura classica e medioevale}}
 @String {RdA = {Rivista di archeologia}}
 @String {RDAC = {Report of the Department of Antiquities, Cyprus}}
 @String {RdE = {Revue d’égyptologie (Kairo)}}
 @String {RDroitsAnt = {Revue internationale des droits de l’antiquité}}
 @String {RE = {Paulys Realencyclopädie der classischen Altertumswissenschaft}}
 @String {REA = {Revue des études anciennes}}
 @String {REByz = {Revue des études byzantines}}
 @String {RecConstantine = {Recueil des notices et memoires de la Société archéologique du département de Constantine}}
 @String {RechACrac = {Recherches archéologiques. Institut d’archéologie de l’Université de Cracovie}}
 @String {RechAlb = {Recherches albanologiques}}
 @String {RecMusAlcoi = {Recerques del Museu d’Alcoi}}
 @String {RecTrav = {Recueil de travaux relatifs à philologie et l’archéologie égyptiennes et assyriennes}}
 @String {REG = {Revue des études grecques}}
 @String {ReiCretActa = {Rei Cretariae Romanae Fautorum acta}}
 @String {ReiCretCommunic = {Rei Cretariae Romanae Fautores. Communicationes}}
 @String {REL = {Revue des études latines}}
 @String {Rema = {Ρήμα. Mitteilungen zur indogermanischen, vornehmlich indo-iranischen Wortkunde sowie zur holothetischen Sprachtheorie}}
 @String {RendBologna = {Atti della Accademia delle scienze dell’Istituto di Bologna. Rendiconti}}
 @String {RendIstLomb = {Rendiconti. Classe di lettere e scienze morali e storiche, Istituto lombardo, Accademia di scienze e lettere}}
 @String {RendLinc = {Rendiconti dell’Accademia nazionale dei Lincei, Classe di scienze morali, storiche e filologiche}}
 @String {RendNap = {Rendiconti della Accademia di archeologia, lettere e belle arti, Napoli}}
 @String {RendPontAc = {Rendiconti. Atti della Pontificia accademia romana di archeologia}}
 @String {RepMalta = {Report on the Working of the Museum Department, Malta, Department of Information}}
 @String {Reppal = {Reppal. Revue des études phénicienne-puniques et des antiquités libyques}}
 @String {RepSocLibSt = {Annual Report. The Society for Libyan Studies}}
 @String {RES = {Répertoire d’épigraphie sémitique (Paris 1900--1950)}}
 @String {REstIber = {Revista de estudios ibéricos}}
 @String {REtArm = {Revue des études arméniennes}}
 @String {RevEg = {Revue égyptologique (Paris)}}
 @String {RFil = {Rivista di filologia e di istruzione classica}}
 @String {RGeorgCauc = {Revue des études géorgiennes et caucasiennes}}
 @String {RGF = {Römisch-Germanische Forschungen}}
 @String {RGuimar = {Revista de Guimarães}}
 @String {RHA = {Revue hittite et asianique}}
 @String {RheinMusBonn = {Das Rheinische Landesmuseum Bonn. Berichte aus der Arbeit des Museums}}
 @String {RHistArmees = {Revue historique des armées}}%*Abweichung!
 @String {RHistRel = {Revue de l’histoire des religions}}
 @String {RhM = {Rheinisches Museum für Philologie}}
 @String {RIA = {Rivista dell’Istituto nazionale d’archeologia e storia dell’arte}}
 @String {RIC = {H. Mattingly – E. A. Sydenham, The Roman Imperial Coinage}}
 @String {RicEgAntCopt = {Ricerche di egittologia e di antichità copte}}
 @String {RicognA = {Ricognizioni archeologiche}}
 @String {RicStBrindisi = {Ricerche e studi. Museo Francesco Ribezzo, Brindisi}}
 @String {RIngIntem = {Rivista Ingauna e Intemelia}}
 @String {RItNum = {Rivista italiana di numismatica e scienze affini}}
 @String {RlA = {Reallexikon der Assyriologie und vorderasiatischen Archäologie}}
 @String {RLouvre = {Revue du Louvre. La revue des musées de France}}
 @String {RM = {Mitteilungen des Deutschen Archäologischen Instituts, Römische Abteilung}}
 @String {RNum = {Revue numismatique}}
 @String {RoczMuzWarsz = {Rocznik Muzeum narodowego w Warszawie}}
 @String {RoemOe = {Römisches Österreich. Jahresschrift der Österreichischen Gesellschaft für Archäologie}}%*Abweichung!
 @String {RoemQSchr = {Römische Quartalschrift für christliche Altertumskunde und Kirchengeschichte}}%*Abweichung!
 @String {Romanobarbarica = {Romanobarbarica. Contributi allo studio dei rapporti culturali tra il mondo latino e mondo barbarico}}
 @String {RomGens = {Romana gens. Bollettino dell’Associazione archeologica romana}}
 @String {RoscherML = {W. H. Roscher, Ausführliches Lexikon der griechischen und römischen Mythologie}}%*Abweichung!
 @String {RossA = {Rossijskaja archeologija}}
 @String {RPC = {Roman Provincial Coinage}}
 @String {RPhil = {Revue de philologie, de littérature et d’histoire anciennes}}
 @String {RPortA = {Revista portuguesa de arqueologia}}
 @String {RPorto = {Revista da Facultade de letras. Serie de historia. Universidade do Porto}}
 @String {RRC = {M. Crawford, Roman Republican Coinage (London 1974)}}
 @String {RSaintonge = {Revue de la Saintonge et de l’Aunis}}
 @String {RScPreist = {Rivista di scienze preistoriche}}
 @String {RSO = {Rivista degli studi orientali}}
 @String {RStBiz = {Rivista di studi bizantini e neoellenici}}
 @String {RStCl = {Rivista di studi classici}}
 @String {RStFen = {Rivista di studi fenici}}
 @String {RStLig = {Rivista di studi liguri}}
 @String {RStMarch = {Rivista di studi marchigiani}}
 @String {RStorAnt = {Rivista storica dell’antichità}}
 @String {RStorCal = {Rivista storica calabrese}}
 @String {RStPomp = {Rivista di studi pompeiani}}
 @String {RStPun = {Rivista di studi punici}}
 @String {RTopAnt = {Rivista di topografia antica}}
 @String {Rudiae = {Rudiae. Ricerche sul mondo classico}}
 @String {SaalbJb = {Saalburg-Jahrbuch. Bericht des Saalburg-Museums}}
 @String {SaarBeitr = {Saarbrücker Beiträge zur Altertumskunde}}
 @String {SaarStMat = {Saarbrücker Studien und Materialien zur Altertumskunde}}
 @String {Sacer = {Sacer. Bollettino della Associazione storica saccarese}}
 @String {Saeculum = {Saeculum. Jahrbuch für Universalgeschichte}}
 @String {SAGA = {Studien zur Archäologie und Geschichte Altägyptens}}
 @String {SaggiFen = {Saggi fenici}}
 @String {Saguntum = {Saguntum. Papeles del Laboratorio de arqueología de Valencia}}
 @String {Saitabi = {Saitabi. Noticiario de historia, arte y arqueología de Levante}}
 @String {SAK = {Studien zur altägyptischen Kultur}}
 @String {Salduie = {Salduie. Estudios de prehistoria y arqueología}}
 @String {Samothrace = {Samothrace. Excavations Conducted by the Institute of Fine Arts of New York University}}
 @String {Sandalion = {Sandalion. Quaderni di cultura classica, cristiana e medievale}}
 @String {Sardis = {Sardis. Publications of the American Society for the Excavation of Sardis}}
 @String {Sargetia = {Sargetia. Acta Musei regionalis Devensis}}
 @String {SarkSt = {Sarkophag-Studien}}
 @String {Sautuola = {Sautuola. Revista del Instituto de prehistoria y arqueologia Sautuola}}
 @String {Savaria = {Savaria. Bulletin der Museen des Komitats Vas}}
 @String {SBBerlin = {Sitzungsberichte der Deutschen Akademie der Wissenschaften zu Berlin. Klasse für Sprache, Literatur und Kunst}}
 @String {SBLeipzig = {Sitzungsberichte der Sächsischen Akademie der Wissenschaften zu Leipzig}}
 @String {SBMuenchen = {Bayerische Akademie der Wissenschaften. Philosophisch-Historische Klasse. Sitzungsberichte}}%*Abweichung!
 @String {SborBrno = {Sborník prací Filozofické fakulty Brněnské univerzity. M, Rada archeologická}}
 @String {SBWien = {Sitzungsberichte. Österreichische Akademie der Wissenschaften}}
 @String {ScAnt = {Scienze dell’antichità. Storia, archeologia, antropologia}}
 @String {SCE = {The Swedish Cyprus Expedition}}
 @String {SchildStei = {Schild von Steier. Beiträge zur Steirischen Vor- und Frühgeschichte und Münzkunde}}
 @String {Scholia = {Scholia. Natal Studies in Classical Antiquity}}
 @String {SchwMueBl = {Schweizer Münzblätter}}%*Abweichung!
 @String {SchwNumRu = {Schweizerische numismatische Rundschau}}
 @String {ScrCiv = {Scrittura e civiltà}}
 @String {ScrClIsr = {Scripta classica Israelica. Yearbook of the Israel Society for the Promotion of Classical Studies}}
 @String {ScrHieros = {Scripta Hierosolymitana. Publications of the Hebrew University, Jerusalem}}
 @String {ScrMed = {Scripta mediterranea. Bulletin of the Society for Mediterranean Studies, Toronto}}
 @String {SDAIK = {Sonderschriften des Deutschen Archäologischen Instituts, Abteilung Kairo}}
 @String {SEG = {Supplementum epigraphicum Graecum}}
 @String {SeminRom = {Seminari romani di cultura greca}}
 @String {Semitica = {Semitica. Cahiers publiés par l’Institut d’études sémitiques du College de France. Avec le concours du Centre national de la recherche scientifique}}
 @String {SetubalA = {Setúbal arqueológica}}
 @String {Sibrium = {Sibrium. Collana di studi e documentazioni}}
 @String {SicA = {Sicilia archeologica}}
 @String {SicGymn = {Siculorum gymnasium}}
 @String {SIG = {W. Dittenberger, Sylloge inscriptionum Graecarum (Leipzig 1915--­1924)}}
 @String {Sileno = {Sileno. Rivista di studi classici e cristiani}}
 @String {SilkRoadArtA = {Silk Road Art and Archaeology. Journal of the Institute of Silk Road Studies, Kamakura}}
 @String {SIMA = {Studies in Mediterranean Archaeology}}
 @String {Simblos = {Simblos. Scritti di storia antica}}
 @String {Skyllis = {Skyllis. Zeitschrift für Unterwasserarchäologie}}
 @String {SlovA = {Slovenská archeológia}}
 @String {SlovNum = {Slovenská numizmatika}}
 @String {SMEA = {Studi micenei ed egeo-anatolici}}
 @String {SNG = {Sylloge nummorum Graecorum}}
 @String {SocGeoAOran = {(Bulletin trimestriel de la) Société de géographie et d’archéologie (de la province) d’Oran}}
 @String {SoobErmit = {Soobščenija Gosudarstvennogo Ėrmitaža}}
 @String {SoobMuzMoskva = {Soobščenija Gosudarstvennogo muzeja izobrazitel’nych isskustv imeni A. S. Puškina}}
 @String {SovA = {Sovetskaja archeologija}}
 @String {Spal = {Spal. Revista de prehistoria y arqueología de la Universidad de Sevilla}}
 @String {SpNov = {Specimina nova dissertationum ex Instituto historico Universitatis Quinqueecclesiensis de Iano Pannonio nominatae}}
 @String {Spoletium = {Spoletium. Rivista di arte, storia, cultura}}
 @String {StA = {Studia archaeologica}}
 @String {Stadion = {Stadion. Internationale Zeitschrift für Geschichte des Sports}}
 @String {StaedelJb = {Städel-Jahrbuch}}%*Abweichung!
 @String {StAeg = {Studia Aegyptiaca. Budapest}}
 @String {StAlb = {Studia Albanica}}
 @String {StAnt = {Studi di antichità. Università di Lecce}}
 @String {Starinar = {StarinarArheoloki institut Beograd}}
 @String {StAWarsz = {Studia archeologiczne. Uniwersytet Warszawski, Instytut archeologii}}
 @String {StBiFranc = {Studium biblicum Franciscanum. Liber annuus}}
 @String {StBitont = {Studi bitontini}}
 @String {StBoT = {Studien zu den Bogazköy-Texten}}
 @String {StCercIstorV = {Studii şi cercetări de istorie veche şi arheologie}}
 @String {StCercNum = {Studii şi cercetări de numismatică}}
 @String {StCl = {Studii clasice. Societatea de studii clasice din Republica socialistă Romănia}}
 @String {StClOr = {Studi classici e orientali}}
 @String {StDocA = {Studi e documenti di archeologia}}
 @String {StDocHistIur = {Studia et documenta historiae et iuris}}
 @String {StEbla = {Studi eblaiti}}
 @String {StEgAntPun = {Studi di egittologia e di antichità puniche}}
 @String {SteMat = {Studi e materiali. Soprintendenza ai beni archeologici per la Toscana}}
 @String {StEpigrLing = {Studi epigrafici e linguistici sul Vicino Oriente antico}}
 @String {StEtr = {Studi etruschi}}
 @String {StGenu = {Studi genuensi}}
 @String {StHist = {Studia historica. Historia antigua}}
 @String {StiftHambKuSamml = {Stiftung zur Förderung der Hamburgischen Kunstsammlungen. Erwerbungen}}
 @String {StItFilCl = {Studi italiani di filologia classica}}
 @String {StLatIt = {Studi latini e italiani}}
 @String {StMagreb = {Studi magrebini}}
 @String {StMatStorRel = {Studi e materiali di storia delle religioni}}
 @String {StOliv = {Studia Oliveriana}}
 @String {StOr = {Studia orientalia, Helsinki}}
 @String {StOrCr = {Studi sull’Oriente cristiano}}
 @String {StP = {Studia papyrologica}}
 @String {StrennaRom = {Strenna dei romanisti}}
 @String {StRom = {Studi romani}}
 @String {StRomagn = {Studi romagnoli}}
 @String {StSalent = {Studi salentini}}
 @String {StSard = {Studi sardi}}
 @String {StStorRel = {Studi storico-religiosi}}
 @String {StTardoant = {Studi tardoantichi}}
 @String {StTrentStor = {Studi trentini di scienze storiche. Sezione seconda}}
 @String {StTroica = {Studia Troica}}
 @String {StUrbin = {Studi urbinati. B, Scienze umane. 3, Linguistica, letteratura, arte}}
 @String {Sumer = {Sumer. A Journal of Archaeology (and History) in Iraq}}
 @String {SylvaMala = {Sylva Mala. Bollettino del Centro di studi archeologici di Boscoreale, Boscotrecase e Trecase}}%*Abweichung!
 @String {SymbOslo = {Symbolae Osloenses}}
 @String {Syria = {Syria. Revue d’art oriental et d’archéologie}}
 @String {SyrMesopSt = {Syro-Mesopotamian Studies}}
 @String {TAD = {Türk arkeoloji dergisi}}
 @String {Talanta = {Τάλαντα. Proceedings of the Dutch Archaeological and Historical Society}}
 @String {TAM = {E. Kalinka (Hrsg.), Tituli Asiae Minoris (Wien 1901--­1941)}}
 @String {Taras = {Taras. Rivista di archeologia}}
 @String {Tarsus = {Excavations at Gözlü Kule, Tarsus}}
 @String {TAVO = {Tübinger Atlas des Vorderen Orients}}
 @String {TeherF = {Teheraner Forschungen}}
 @String {Teiresias = {Teiresias. A Review and Continuing Bibliography of Boiotian Studies}}
 @String {TelAvivJA = {Tel Aviv. Journal of the Institute of Archaeology of Tel Aviv University}}
 @String {TerraAntBalc = {Acta Associationis internationalis »Terra antiqua balcanica«}}
 @String {TerraVolsci = {Terra dei Volsci. Annali del Museo archeologico di Frosinone}}
 @String {Teruel = {Teruel. Instituto de estudios turolenses}}
 @String {TextilAnc = {Textiles anciens. Bulletin du Centre international d’étude des textiles anciens}}
 @String {TheolRu = {Theologische Rundschau}}
 @String {ThesCRA = {Thesaurus Cultus et Rituum Antiquorum}}
 @String {Thessalika = {Θεσσαλικά}}
 @String {Thessalonike = {Η Θεσσαλονίκη}}
 @String {Thieme-Becker = {U. Thieme – F. Becker (Hrsg.), Allgemeines Lexikon der bildenden Künstler}}%*Abweichung!
 @String {ThrakChron = {Θρακικά Χρονικά}}
 @String {ThrakEp = {Θρακική Επετηρίδα}}
 @String {TIB = {Tabula Imperii Byzantini}}
 @String {Tibiscus = {Tibiscus. Istorie, arheologie. Muzeul Banatului Timişoara}}
 @String {TiLeon = {Tierras de León}}
 @String {Tiryns = {Tiryns. Forschungen und Berichte}}
 @String {TMA = {Tijdschrift voor Mediterrane archeologie}}
 @String {Topoi = {Τόποι. Orient – Occident}}
 @String {Torretta = {La torretta. Rivista quadrimestrale a cura della Biblioteca comunale di Blera}}
 @String {TourOrleOr = {La Tour de l’Orle-d’Or, Semur-en-Auxois}}
 @String {TrabAntrEtn = {Trabalhos de antropologia e etnologia}}
 @String {TrabArq = {Trabalhos de arqueologia}}
 @String {TrabAssArqPort = {Trabalhos da associação dos arqueólogos portugueses}}
 @String {TrabNavarra = {Trabajos de arqueología de Navarra}}
 @String {TrabPrehist = {Trabajos de prehistoria}}
 @String {Traditio = {Traditio. Studies in Ancient and Medieval History, Thought and Religion}}
 @String {TransactAmPhilAss = {Transactions and Proceedings of the American Philological Association}}
 @String {TransactAmPhilosSoc = {Transactions of the American Philosophical Society}}
 @String {TransactLond = {Transactions of the London and Middlesex Archaeological Society}}
 @String {TravMem = {Travaux et mémoires. Centre de recherche d’histoire et civilisation byzantine, Paris}}
 @String {TravToulouse = {Travaux de l’Institut d’art préhistorique, Université de Toulouse – Le Mirail}}
 @String {TreMonet = {Trésors monétaires}}
 @String {TribArq = {Tribuna d’arqueologia}}
 @String {TrudyErmit = {Trudy Gosudarstvennogo Ėrmitaža}}
 @String {TrWPr = {Trierer Winckelmannsprogramme}}
 @String {TrZ = {Trierer Zeitschrift für Geschichte und Kunst des Trierer Landes und seiner Nachbargebiete}}
 @String {TTKY = {Türk Tarih Kurumu yayınları}}
 @String {TueBA-Ar = {Türkiye Bilimler Akademisi arkeoloji dergisi}}%*Abweichung!
 @String {Tyche = {Tyche. Beiträge zur Alten Geschichte, Papyrologie und Epigraphik}}
 @String {UF = {Ugarit-Forschungen. Internationales Jahrbuch für die Altertumskunde Syrien-Palästinas}}
 @String {UPA = {Universitätsforschungen zur Prähistorischen Archäologie}}
 @String {LUrbe = {L’Urbe. Rivista romana}}%*Abweichung!
 @String {UrSchw = {Ur-Schweiz. La Suisse primitive}}
 @String {UVB = {Vorläufiger Bericht über die von dem Deutschen Archäologischen Institut und der Deutschen Orient-Gesellschaft aus den Mitteln der Deutschen Forschungsgemeinschaft unternommenen Ausgrabungen in Uruk-Warka}}
 @String {VarSpom = {Varstvo spomenikov}}
 @String {VDI = {Vestnik drevnej istorii}}
 @String {Vekove = {Vekove. Dvumesečno spisanie. Bălgarsko istoričesko družestvo}}
 @String {Veleia = {Veleia. Revista de prehistoria, historia antigua, arqueología y filología clásicas}}
 @String {VenArt = {Venezia arti. Bolletino del Dipartimento di storia e critica delle arti dell’Università di Venezia}}
 @String {VerAmstMeded = {Mededelingenblad. Vereniging van Vrienden Allard Pierson Museum}}
 @String {Verbanus = {Verbanus. Rassegna per la cultura, l’arte, la storia del lago}}
 @String {VeteraChr = {Vetera christianorum}}
 @String {VGesVind = {Veröffentlichungen der Gesellschaft Pro Vindonissa}}
 @String {Vichiana = {Vichiana. Rassegna di studi filologici e storici}}
 @String {VicOr = {Vicino Oriente}}
 @String {VigChr = {Vigiliae christianae}}
 @String {Viminacium = {Viminacium. Zbornik radova Narodnog muzeja}}
 @String {VisRel = {Visible Religion}}
 @String {Vitudurum = {Beiträge zum römischen Oberwinterthur – Vitudurum. Ausgrabungen im Unteren Bühl}}
 @String {VivScyl = {Vivarium Scyllacense. Bollettino dell’Istituto di studi su Cassiodoro e sul medioevo in Calabria}}
 @String {VizVrem = {Vizantijskij vremennik}}
 @String {VjesAMuzZagreb = {Vjesnik Arheološkog muzeja u Zagrebu}}
 @String {VjesDal = {Vjesnik za arheologiju i historiju dalmatinsku. Bulletin d’archéologie et d’histoire dalmates}}
 @String {Wad-al-Hayara = {Wad-al-Hayara. Revista de estudios de la Institución provincial de cultura »Marqués de Santillana« de Guadalajara}}
 @String {WeltGesch = {Die Welt als Geschichte}}
 @String {WiadA = {Wiadomości archeologiczne. Bulletin archéologique polonais}}
 @String {WissMBosn = {Wissenschaftliche Mitteilungen des Bosnischen Landesmuseums, A. Archäologie}}
 @String {WissZBerl = {Wissenschaftliche Zeitschrift der Humboldt-Universität zu Berlin. Gesellschafts- und sprachwissenschaftliche Reihe}}
 @String {WissZHalle = {Wissenschaftliche Zeitschrift. Martin-Luther-Universität Halle-Wittenberg}}
 @String {WissZJena = {Wissenschaftliche Zeitschrift der Friedrich-Schiller-Universität Jena}}
 @String {WissZRostock = {Wissenschaftliche Zeitschrift der Universität Rostock}}
 @String {WO = {Die Welt des Orients. Wissenschaftliche Beiträge zur Kunde des Morgenlandes}}
 @String {WorldA = {World Archaeology}}
 @String {WSt = {Wiener Studien}}
 @String {WuerzbJb = {Würzburger Jahrbücher für die Altertumswissenschaft}}%*Abweichung!
 @String {WVDOG = {Wissenschaftliche Veröffentlichungen der Deutschen Orient-Gesellschaft}}
 @String {WZKM = {Wiener Zeitschrift für die Kunde des Morgenlandes}}
 @String {Xenia = {Xenia. Semestrale di antichità}}
 @String {XeniaAnt = {Xenia antiqua}}
 @String {XeniaKonst = {Xenia. Konstanzer althistorische Vorträge und Forschungen}}
 @String {YaleClSt = {Yale Classical Studies}}
 @String {YaleUnivB = {Yale University Art Gallery Bulletin}}
 @String {ZA = {Zeitschrift für Assyriologie und vorderasiatische Archäologie}}
 @String {ZAAK = {Zeitschrift für Archäologie Außereuropäischer Kulturen}}
 @String {ZAeS = {Zeitschrift für ägyptische Sprache und Altertumskunde}}%*Abweichung!
 @String {ZAKSSchriften = {Schriften des Zentrums für Archäologie und Kulturgeschichte des Schwarzmeerraumes}}
 @String {ZAntChr = {Zeitschrift für antikes Christentum}}
 @String {ZAW = {Zeitschrift für die alttestamentliche Wissenschaft}}
 @String {ZborMuzBeograd = {Zbornik Narodnog muzeja Beograd}}
 @String {ZborRadBeograd = {Zbornik radova Vizantološkog instituta. Recueil des travaux de l’Institut d’études byzantines, Beograd}}
 @String {ZborZadar = {Zbornik Instituta za historijske nauke u Zadru}}
 @String {ZDMG = {Zeitschrift der Deutschen Morgenländischen Gesellschaft}}
 @String {ZDPV = {Zeitschrift des Deutschen Palästina-Vereins}}
 @String {Zephyrus = {Zephyrus. Revista de prehistoria y arqueología}}
 @String {ZEthn = {Zeitschrift für Ethnologie der Deutschen Gesellschaft für Völkerkunde und der Berliner Gesellschaft für Anthropologie, Ethnologie und Urgeschichte}}
 @String {ZfA = {Zeitschrift für Archäologie}}
 @String {ZfNum = {Zeitschrift für Numismatik}}
 @String {ZivaAnt = {Živa antika. Antiquité vivante}}
 @String {ZKuGesch = {Zeitschrift für Kunstgeschichte}}
 @String {ZNW = {Zeitschrift für die neutestamentliche Wissenschaft und die Kunde der älteren Kirche}}
 @String {ZPE = {Zeitschrift für Papyrologie und Epigraphik}}
 @String {ZSav = {Zeitschrift der Savigny-Stiftung für Rechtsgeschichte. Romanistische Abteilung}}
 @String {ZSchwA = {Zeitschrift für Schweizerische Archäologie und Kunstgeschichte}}
 @String {ZVerglSprF = {Zeitschrift für vergleichende Sprachforschung}}
%%%%%%%%%%%%%%%%%%%%%%%%%%%%%%%%
%%
%% Stand April 2014, Deutsches Archäologisches Institut
%% Bearbeitung: Lukas C. Bossert (2015)
%%%%%%%%%%%%%%%%%%%%%%%%%%%%%%%%%
