% Encoding: UTF-8
@String{Aix-la-Chapelle= {\iflanguage{english}{Aix-la-Chapelle}{\iflanguage{italian}{}{\iflanguage{french}{Aix-la-Chapelle}{\iflanguage{spanish}{Aquisgrán}{\iflanguage{ngerman}{Aachen}{}}}}}}}
@String{Athens= {\iflanguage{english}{Athens}{\iflanguage{italian}{Atene}{\iflanguage{french}{Athènes}{\iflanguage{spanish}{Atenas}{\iflanguage{ngerman}{Athen}{}}}}}}}
@String{Augsburg= {\iflanguage{english}{Augsburg}{\iflanguage{italian}{Augusta}{\iflanguage{french}{Augsbourg}{\iflanguage{spanish}{Ausburgo}{\iflanguage{ngerman}{Augsburg}{}}}}}}}
@String{Basle= {\iflanguage{english}{Basle}{\iflanguage{italian}{Basilea}{\iflanguage{french}{Basel}{\iflanguage{spanish}{Basilea}{\iflanguage{ngerman}{Basel}{}}}}}}}
@String{Berlin= {\iflanguage{english}{Berlin}{\iflanguage{italian}{Berlino}{\iflanguage{french}{Berlin}{\iflanguage{spanish}{Berlín}{\iflanguage{ngerman}{Berlin}{}}}}}}}
@String{Brussels= {\iflanguage{english}{Brussels}{\iflanguage{italian}{Bruxelles}{\iflanguage{french}{Bruxelles}{\iflanguage{spanish}{Bruselas}{\iflanguage{ngerman}{Brüssel}{}}}}}}}
@String{Cologne= {\iflanguage{english}{Cologne}{\iflanguage{italian}{Colonia}{\iflanguage{french}{Cologne}{\iflanguage{spanish}{Colonia}{\iflanguage{ngerman}{Köln}{}}}}}}}
@String{Copenhagen= {\iflanguage{english}{Copenhagen}{\iflanguage{italian}{Copenaghen}{\iflanguage{french}{Copenhague}{\iflanguage{spanish}{Copenhague}{\iflanguage{ngerman}{Kopenhagen}{}}}}}}}
@String{Dresden= {\iflanguage{english}{Dresden}{\iflanguage{italian}{Desda}{\iflanguage{french}{Dresde}{\iflanguage{spanish}{Dresde}{\iflanguage{ngerman}{Dresden}{}}}}}}}
@String{Florence= {\iflanguage{english}{Florence}{\iflanguage{italian}{Firenze}{\iflanguage{french}{Florence}{\iflanguage{spanish}{Firenze}{\iflanguage{ngerman}{Florenz}{}}}}}}}
@String{Frankfort-on-the-Main= {\iflanguage{english}{Frankfort-on-the-Main}{\iflanguage{italian}{Francoforte sul Meno}{\iflanguage{french}{Francfort-sur-le-Main}{\iflanguage{spanish}{Francfort del Meno}{\iflanguage{ngerman}{Frankfurt am Main}{}}}}}}}
@String{Freiburg= {\iflanguage{english}{Freiburg}{\iflanguage{italian}{Friburgo in Brisgovia}{\iflanguage{french}{Fribourg-en-Brisgau}{\iflanguage{spanish}{Friburgo de Brisgovia}{\iflanguage{ngerman}{Freiburg \parentext{i. Breisgau}}{}}}}}}}
@String{Goettingen= {\iflanguage{english}{Göttingen}{\iflanguage{italian}{Gottinga}{\iflanguage{french}{Gœttingue}{\iflanguage{spanish}{Gotinga}{\iflanguage{ngerman}{Göttingen}{}}}}}}}
@String{Hamburg= {\iflanguage{english}{Hamburg}{\iflanguage{italian}{Amburgo}{\iflanguage{french}{Hambourg}{\iflanguage{spanish}{Hamburgo}{\iflanguage{ngerman}{Hamburg}{}}}}}}}
@String{Leipzig= {\iflanguage{english}{Leipzig}{\iflanguage{italian}{Lipsia}{\iflanguage{french}{Leipzig}{\iflanguage{spanish}{Leipzig}{\iflanguage{ngerman}{Leipzig}{}}}}}}}
@String{London= {\iflanguage{english}{London}{\iflanguage{italian}{Londra}{\iflanguage{french}{Londres}{\iflanguage{spanish}{Londres}{\iflanguage{ngerman}{London}{}}}}}}}
@String{Louvain= {\iflanguage{english}{Louvain}{\iflanguage{italian}{Lovanio}{\iflanguage{french}{Louvain}{\iflanguage{spanish}{Lovaina}{\iflanguage{ngerman}{Löwen}{}}}}}}}
@String{Mainz= {\iflanguage{english}{Mainz}{\iflanguage{italian}{Magonza}{\iflanguage{french}{Mayence}{\iflanguage{spanish}{Maguncia}{\iflanguage{ngerman}{Mainz am Rhein}{}}}}}}}
@String{Milan= {\iflanguage{english}{Milan}{\iflanguage{italian}{Milano}{\iflanguage{french}{Milan}{\iflanguage{spanish}{Milán}{\iflanguage{ngerman}{Mailand}{}}}}}}}
@String{Munich= {\iflanguage{english}{Munich}{\iflanguage{italian}{Monaco \parentext{di Bavaria}}{\iflanguage{french}{Munich}{\iflanguage{spanish}{Múnich}{\iflanguage{ngerman}{München}{}}}}}}}
@String{Naples= {\iflanguage{english}{Naples}{\iflanguage{italian}{Napoli}{\iflanguage{french}{Naples}{\iflanguage{spanish}{Napoli}{\iflanguage{ngerman}{Neapel}{}}}}}}}
@String{Paris= {\iflanguage{english}{Paris}{\iflanguage{italian}{Parigi}{\iflanguage{french}{Paris}{\iflanguage{spanish}{París}{\iflanguage{ngerman}{Paris}{}}}}}}}
@String{Regensburg= {\iflanguage{english}{Regensburg}{\iflanguage{italian}{Ratisbona}{\iflanguage{french}{Ratisbonne}{\iflanguage{spanish}{Ratisbona}{\iflanguage{ngerman}{Regensburg}{}}}}}}}
@String{Rome= {\iflanguage{english}{Rome}{\iflanguage{italian}{Roma}{\iflanguage{french}{Rome}{\iflanguage{spanish}{Roma}{\iflanguage{ngerman}{Rom}{}}}}}}}
@String{Saarbruecken= {\iflanguage{english}{Saarbruecken}{\iflanguage{italian}{}{\iflanguage{french}{Saarbruck}{\iflanguage{spanish}{Saarbruck}{\iflanguage{ngerman}{Saarbrücken}{}}}}}}}
@String{Stuttgart= {\iflanguage{english}{Stuttgart}{\iflanguage{italian}{Stoccardo}{\iflanguage{french}{Stuttgart}{\iflanguage{spanish}{Estútgart}{\iflanguage{ngerman}{Stuttgart}{}}}}}}}
@String{Trier= {\iflanguage{english}{Trier}{\iflanguage{italian}{Treviri}{\iflanguage{french}{Trèves}{\iflanguage{spanish}{Trèveris}{\iflanguage{ngerman}{Trier}{}}}}}}}
@String{Tuebingen= {\iflanguage{english}{Tubingen}{\iflanguage{italian}{Tubinga}{\iflanguage{french}{Tubingue}{\iflanguage{spanish}{Tubinga}{\iflanguage{ngerman}{Tübingen}{}}}}}}}
@String{Vienna= {\iflanguage{english}{Vienna}{\iflanguage{italian}{Vienna}{\iflanguage{french}{Vienne}{\iflanguage{spanish}{Viena}{\iflanguage{ngerman}{Wien}{}}}}}}}