% Encoding: UTF-8
@String{Munich= {\iflanguage{english}{Munich}{\iflanguage{italian}{Monaco}{\iflanguage{french}{Munich}{\iflanguage{spanish}{Munich}{\iflanguage{ngerman}{München}{}}}}}}}
@String{Cologne= {\iflanguage{english}{Cologne}{\iflanguage{italian}{Colonia}{\iflanguage{french}{Cologne}{\iflanguage{spanish}{}{\iflanguage{ngerman}{Köln}{}}}}}}}
@String{Athens= {\iflanguage{english}{Athens}{\iflanguage{italian}{Atene}{\iflanguage{french}{Athènes}{\iflanguage{spanish}{}{\iflanguage{ngerman}{Athen}{}}}}}}}
@String{Brussels= {\iflanguage{english}{Brussels}{\iflanguage{italian}{Bruxelles}{\iflanguage{french}{}{\iflanguage{spanish}{}{\iflanguage{ngerman}{Brüssel}{}}}}}}}
@String{Florence= {\iflanguage{english}{Florence}{\iflanguage{italian}{Firenze}{\iflanguage{french}{}{\iflanguage{spanish}{}{\iflanguage{ngerman}{Florenz}{}}}}}}}
@String{Louvain= {\iflanguage{english}{Louvain}{\iflanguage{italian}{Lovanio}{\iflanguage{french}{}{\iflanguage{spanish}{}{\iflanguage{ngerman}{Löwen}{}}}}}}}
@String{Milano= {\iflanguage{english}{Milano}{\iflanguage{italian}{Milano}{\iflanguage{french}{Milan}{\iflanguage{spanish}{}{\iflanguage{ngerman}{Mailand}{}}}}}}}
@String{Naples= {\iflanguage{english}{Naples}{\iflanguage{italian}{Napoli}{\iflanguage{french}{Naples}{\iflanguage{spanish}{}{\iflanguage{ngerman}{Neapel}{}}}}}}}
@String{Rome= {\iflanguage{english}{Rome}{\iflanguage{italian}{Roma}{\iflanguage{french}{Rome}{\iflanguage{spanish}{}{\iflanguage{ngerman}{Rom}{}}}}}}}
