@String { AWi       = {Artemis \& Winkler} }
@String { CHB       = {C.\ H.~Beck} }
@String { COUP      = {Cornell University Press} }
@String { CUP       = {Cambridge University Press} }
@String { EdB       = {L'erma di Bretschneider} }
@String { EQ        = {Edizioni Quasar} }
@String { FZ        = {Franz Steiner} }
@String { GLF       = {Gius. Laterza \& Figli Spa} }
@String { HUP       = {Harvard University Press} }
@String { JHUP      = {Johns Hopkins University Press} }
@String { JPGM      = {J. Paul Getty Museum} }
@String { MI        = {Michael Imhof} }
@String { MIT       = {MIT Press} }
@String { OUP       = {Oxford University Press} }
@String { PSUP      =  {Pennsylvania State University Press} }
@String { PUP       = {Princeton University Press} }
@String { PvZ       = {Philip von Zabern} }
@String { stw       = {suhrkamp taschenbuch wissenschaft} }
@String { TopoiB    = {Topoi. Berliner Studien der Alten Welt} }
@String { UCP       = {University of California Press} }
@String { UMP       = {University of Michigan Press} }
@String { UTP       = {University of Texas Press} }
@String { UWP       = {University of Wisconsin Press} }
@String { VML       = {Verlag Marie Leidorf} }
@String { VR        = {Vandenhoeck \& Ruprecht} }
@String { VS        = {Verlag f√ºr Sozialwissenschaften} }
@String { VT        = {Vieweg+Teubner} }
@String { WBG       = {Wissenschaftliche Buchgesellschaft} }
@String { WdG       = {Walter de Gruyter} }
@String { YUP       = {Yale University Press} }
