% archaeologie --%
%               biblatex fuer Archaeologen, Historiker und Philologen
% Copyright (c) 2015 Lukas C. Bossert | Johannes Friedl
%  
% This work may be distributed and/or modified under the
% conditions of the LaTeX Project Public License, either version 1.3
% of this license or (at your option) any later version.
% The latest version of this license is in
%   http://www.latex-project.org/lppl.txt
% and version 1.3 or later is part of all distributions of LaTeX
% version 2005/12/01 or later.

\ProvidesFile{archaeologie.bib}%
               [2015/11/11 v1.2  archaeologie --%
                biblatex fuer Archaeologen, Historiker und Philologen, bib-beispiel-Datei]
                
@Book{Mann_2011,
  Title                    = {»Um keinen Kranz, um das Leben kämpfen wir!«},
  Author                   = {Mann, Christian},
  Location                 = {Berlin},
  Number                   = {14},
  Publisher                = {Verlag Antike},
  Series                   = {Studien zur Alten Geschichte},
  Subtitle                 = {Gladiatoren im Osten des Römischen Reiches und die Frage der Romanisierung},
  Year                     = {2011},
}

@Book{Boehm_2001,
  Title                    = {Ithake},
  Editor                   = {Böhm, Stephanie and Eickstedt, Klaus-Valtin von},
  titleaddon                = {Festschrift Jörg Schäfer},
  Publisher                = {Ergon-Verlag},
  Year                     = {2001},
  location                  = {Würzburg},
}
@Incollection{Hoelscher_2001,
  Title                    = {Schatzhäuser -- Banketthäuser?},
  Author                   = {Hölscher, Tonio},
  Editor                   = {Böhm, Stephanie and Eickstedt, Klaus-Valtin von},
  booktitle                = {Ithake},
  booktitleaddon = {Festschrift Jörg Schäfer},
  Pages                    = {143--152},
  Publisher                = {Ergon-Verlag},
  Year                     = {2001},
  location                  = {Würzburg},
}

@Book{Welch_2007,
  Title                    = {The {Roman} Amphitheatre},
  Author                   = {Welch, Katherine E.},
  Location                 = {Cambridge and New York},
  Publisher                = {CUP},
  Subtitle                 = {From its Origins to the Colosseum},
  Year                     = {2007}
}
@Review{Bell_2011,
  Author                   = {Bell, Sinclair},
  Number                   = {1},
  Volume                   = {115},
  related = {Welch_2007},
  relatedtype= {reviewof},
  pages = {1--4},
  Year                     = {2011},
  Journaltitle             = AJA-lang,
  Publisher                = {Archaeological Institute of America},
  Shortjournal             = AJA-kurz,
}
@Review{Hufschmid_2010,
  Title                    = {Von Caesars \emph{theatron kynegetikon} zum \emph{amphitheatrum novum} Vespasians},
   related = {Welch_2007},
     relatedtype= {reviewof},
  Author                   = {Hufschmid, {Th}omas},
  Pages                    = {487--504},
  Volume                   = {23},
  Year                     = {2010},
  Journaltitle             = JRA-lang,
  Shortjournal             = JRA-kurz,
}
@Article{Cosa_1949,
Title = {Cosa},
Journaltitle = ClJ-lang,
Shortjournal = ClJ-kurz,
Pages = {141--149},
Volume = {45},
Year = {1949},
Number = {1},
Label = {Cosa},
Subtitle = {Republican Colony in Etruria},
}

@Thesis{Arnolds_2005,
  Title                    = {Funktionen republikanischer und frühkaiserzeitlicher Forumsbasiliken in Italien},
  Author                   = {Markus Arnolds},
  Date                     = {2005-05-31},
  Institution              = {Ruprecht-Karls-Universität zu Heidelberg},
  Type                     = {phdthesis},
  Url                      = {http://nbn-resolving.de/urn:nbn:de:bsz:16-heidok-74406},
  Urldate                  = {2015-04-17}
}

@Article{Ball_2013,
  Title                    = {Pompeii Forum Project},
  Author                   = {Larry F. Ball and John J. Dobbins},
  Number                   = {3},
  Pages                    = {461--492},
  Subtitle                 = {Current Thinking on the Pompeii Forum},
  Volume                   = {117},
  Year                     = {2013},
  Month                    = {July},
  Journaltitle                  = AJA-lang,
  shortjournal = AJA-kurz,
}

@Article{Boehmer_1985,
  Title                    = {Astragalspiele in und um Warka},
  Author                   = {Boehmer, Rainer Michael and Wrede, Nadja},
  Pages                    = {399--404},
  Volume                   = {16},
  Year                     = {1985},
  Journaltitle                 = BaM-lang,
  shortjournal = BaM-kurz,
}


@Incollection{Carter_2014,
  Title                    = {Spectacle in Rome, Italy, and the Provinces},
  Author                   = {Carter, Michael J. and Edmondson, Jonathan},
  Editor                   = {Bruun, Christer and Edmondson, Jonathan},
  Pages                    = {537--558},
  Publisher                = {Oxford University Press},
  Year                     = {2014},
  Location                 = {Oxford},
  booktitle                = {The Oxford Handbook of Roman Epigraphy}
}

@Book{Emme_2013,
  Title                    = {Peristyl und Polis},
  Author                   = {Burkhard Emme},
  Number                   = {1},
  Publisher                = {de Gruyter},
  Series                   = {Urban Spaces},
  Year                     = {2013},
  Location                 = {Berlin and New York},
  Subtitle                 = {Entwicklung und Funktionen öffentlicher griechischer Hofanlagen}
}

@Article{Evangelidis_2014,
  Title                    = {Agoras {and} Fora},
  Author                   = {Evangelidis, Vasilis},
  Pages                    = {335--356},
  Subtitle                 = {Developments in the Central Public Space of the Cities of Greece during the {Roman} Period},
  Volume                   = {109},
  Year                     = {2014},
  Doi                      = {10.1017/s006824541400015x},
  Journaltitle              = BSA-lang,
  shortjournal =BSA-kurz,
}

@Book{Quint_inst,
  Title                    = {Ausbildung des Redners},
  Author                   = {Fabius Quintilianus, Marcus},
  translator                   = {Rahn, Helmut},
  Year                     = {2015},
  Edition                  = {6},
  Keywords                 = {Quelle},
  Location                 = {Darmstadt},
  shortauthor                    = {Quintilian},
  Options                  = {antik},
  Origlanguage             = {latin},
  Shorthand                = {Quint. inst.},
  Subtitle                 = {Institutio oratoria}
}

@Article{Lefebvre_1977,
  Title                    = {Die Produktion des städtischen Raums},
  Author                   = {Lefebvre, Henri},
  Journaltitle             = {ARCH+},
  Number                   = {9},
  Pages                    = {52--57},
  Volume                   = {34},
  Year                     = {1977},
  Origlanguage             = {french},
  Origtitle                = {Introduction à l'espace urbain},
  Translator               = {Franz Hiss and Hans-Ulrich Wegener}
}


@Book{Lefebvre_2011,
  Title                    = {The Production of Space},
  Author                   = {Lefebvre,Henri},
  Publisher                = {Blackwell Publishing Ltd},
  Year                     = {2011},

  Edition                  = {30},

  Location                 = {Maien, MA and Oxford and Victoria},
  Origdate                 = {1991},
  Origlanguage             = {french},
  Origtitle                = {La production de l’espace},
  Translator               = {Donald Nicholson-Smith}
}

@Article{Mastrocinque_2012,
  Title                    = {Magnetometry at Grumentum in Ancient Lucania},
  Author                   = {Mastrocinque, Attilio and Saggioro, Fabio},
  Pages                    = {1--5},
  Year                     = {2012},
  Journal                  = {The Journal of Fasti Online},
  Url                      = {www.fastionline.org/docs/FOLDER-it-2012-245.pdf},
  Urldate                  = {2015-07-21}
}

@Incollection{Mundt_2015,
  Title                    = {Der Mensch, das Licht und die Stadt},
  Author                   = {Mundt, Felix},
  Editor                   = {Therese Fuhrer and Felix Mundt and Jan Stenger},
  Pages                    = {179--206},
  Publisher                = {de Gruyter},
  Year                     = {2015},
  Number                   = {3},
  Series                   = Philologus-lang # " Suppl.",
    Shortseries                   = Philologus-kurz # " Suppl.",
  Location                 = {Berlin and Boston},
  booksubtitle             = {Constructing and Modelling Images of the City},
  booktitle                = {Cityscaping},
  Subtitle                 = {Rhetorische Theorie und Praxis antiker und humanistischer Städtebeschreibung}
}

@Inreference{Neils_1994,
  Title                    = {Theseus},
  Author                   = {Neils, Jenifer},
  booktitle                = LIMC-kurz,
  Pages                    = {922--951},
  Volume                   = {7.1},
  Year                     = {1994},
  Options                  = {lexikon}
}

@Inreference{Nieddu_1995,
  Title                    = {Dei Consentes},
  Author                   = {Nieddu, Giuseppe},
  booktitle                = LTUR-kurz,
  Pages                    = {9--10},
  Volume                   = {2},
  Year                     = {1995},
  Bookpagination           = {column},
  Keywords                 = {lexikon},
  Options                  = {lexikon}
}

@Inreference{Rosenberger_2012,
  Title                    = {Öffentlich/privat bei den Römern},
  Author                   = {Rosenberger, Veit},
  booktitle                = ThesCRA-kurz,
  Pages                    = {11--16},
  Volume                   = {8},
  Year                     = {2012},
  Bookpagination           = {column},
  Keywords                 = {lexikon},
  Options                  = {lexikon}
}


@Book{Fest,
  Title                    = {De verborum significatu quae supersunt cum Pauli epitome},
  Editor                   = {Lindsay, Wallace Martin},
  Publisher                = {Teubner},
  Series                   = {Bibliotheca scriptorum et Graecorum et Romanorum Teubneriana},
  Year                     = {1965},
  Keywords                 = {Quelle},
  Location                 = {Leipzig},
  shortauthor                    = {Festus},
  Options                  = {frgantik},
  Origyear                 = {1913},
  Shorthand                = {Fest.}
}

@Online{Selle_2008,
  Title                    = {Raum und Verhalten},
  Author                   = {Selle, Klaus},
  Url                      = {http://www.pt.rwth-aachen.de/dokumente/lehre_materialien/c8_raum_verhalten.pdf},
  Subtitle                 = {Grundlagen und erste Folgerungen für das Wohnen in der Stadt},
  Urldate                  = {2015-06-26},
  Year                     = {2008}
}

@Inproceedings{Torelli_1991,
  Title                    = {Il ›diribitorium‹ di Alba Fucens e il ›campus‹ eroico di Herdonia},
  Author                   = {Torelli, Mario},
  Editor                   = {Mertens, Josef},
  Eventdate                = {1990-02-01/1990-02-03},
  Location                 = {Bruxelles},
  booksubtitle             = {Actes du Colloque International Organisé à l'Occasion du 50. Anniversaire de l'Academia Belgica et du 40. Anniversaire des Fouilles Belges en Italie},
  booktitle                = {Comunitá indigene e problemi della romanizzazione nell’Italia centro\--meri\-dionale (IV--III sec. a.C.)},
  Number                   = {29},
  Pages                    = {39--63},
  Publisher                = {Institut Historique Belge de Rome},
  Series                   = {Études de philologie, d'archéologie et d'histoire anciennes},
  Venue                    = {Roma, Academia Belgica},
  Year                     = {1991},
  Hyphenate                = {italian},
  Shorttitle               = {Il ›diribitorium‹}
}

@Inbook{Cic_Sest,
  Title                    = {Rede für P.\ Sestius},
  Author                   = {Tullius Cicero, Marcus},
  Editor                   = {Fuhrmann, Manfred},
  Pages                    = {110--185},
  Publisher                = {Artemis \& Winkler},
  Year                     = {1993},
  Series                   = {Sammlung Tusculum},
  volume                   = {II},
  Keywords                 = {Quelle},
  Location                 = {München},
  booktitle                = {Die politischen Reden},
  shortauthor                    = {Cicero},
  Options                  = {antik},
  Origlanguage             = {latin},
  Origtitle                = {pro P. Sestio},
  Shorthand                = {Cic. Sest.},
  inTranslator               = {Fuhrmann, Manfred}
}

@Book{Cic_Att,
  Title                    = {Atticus-Briefe},
  Author                   = {Tullius Cicero, Marcus},
  Editor                   = {Kasten, Helmut},
  Publisher                = {Artemis {\&} Winkler},
  Series                   = {Tusculum Bücherei},
  Year                     = {1980},
  Edition                  = {3},
  Keywords                 = {Quelle},
  Location                 = {Düsseldorf and Zürich},
  shortauthor                    = {Cicero},
  Options                  = {antik},
  Origlanguage             = {latin},
  Origtitle = {epistulae ad Atticum	},
  Origyear                 = {1959},
  Shorthand                = {Cic. Att.},
  Translator               = {Kasten, Helmut}
}

@Inproceedings{Wulf-Rheidt_2013,
  Title                    = {Der Palast auf dem Palatin -- Zentrum im Zentrum},
  Author                   = {Wulf-Rheidt, Ulrike},
  Editor                   = {Dally, Ortwin and Fless, Friederike and Haensch, Rudolf and Pirson, Felix and Sievers, Susanne},
  Eventdate                = {2009-11-18/2009-11-22},
  Eventtitle               = {Internationale Tagung des DAI und des DFG-Exzellenzclusters TOPOI},
  Location                 = {Rahden/Westf.},
  booksubtitle             = {Gestaltung – Wahrnehmung – Funktion},
  booktitle                = {Politische Räume in vormodernen Gesellschaften},
  Pages                    = {277--289},
  Publisher                = {Verlag Marie Leidorf},
  Series                   = MKT-lang,
  shortseries = MKT-kurz,
  Subtitle                 = {Geplanter Herrschersitz oder Produkt eines langen Entwicklungsprozesses?},
  Venue                    = {Berlin},
  number                   = {6},
  Year                     = {2013}
}

@Proceedings{Kurapkat_2014,
  Title                    = {Die Architektur des Weges},
  Editor                   = {Kurapkat, Dietmar and Schneider, Peter I. and Wulf-Rheidt, Ulrike},
  Eventdate                = {2012-02-08/2012-02-11},
  Eventtitle               = {Kolloquium Architekturreferat des DAI},
  Location                 = {Regensburg},
  Number                   = {11},
  Organization             = {Architekturreferat des DAI},
  Publisher                = {Schnell + Steiner},
  Series                   = DiskAB-lang,
  shortseries = DiskAB-kurz,
  Subtitle                 = {Gestaltete Bewegung im gebauten Raum},
  Venue                    = {Berlin},
  Year                     = {2014}
}

@Book{CIL,
  Title                    = CIL-lang,
  Keywords                 = {Sigel},
  shorthand                = CIL-kurz,
  options = {corpus},
}


@Article{Koyunlu_1990,
author = {Koyunlu, A.},
title = {Die Bodenbelage und der Errichtungsort der Hagia Sophia},
pages = {147--156},
volume = {11},
year = {1990},
journaltitle = AyasofyaMuezYil-lang,
shortjournal = AyasofyaMuezYil-kurz
}

@Book{Zanker_2013,
  Title                    = {La città romana},
  Author                   = {Zanker, Paul},
  Location                 = {Roma-Bari},
  Publisher                = {GLF},
  Series                   = {Storia della città},
  Year                     = {2013},
  language = {italian},
    Relatedtype              = {translationof},
  Related                  = {Zanker_2014},
  Translator               = {Senatore, Anna Maria}
}
@Book{Zanker_2014,
  Title                    = {Die römische Stadt},
  Author                   = {Zanker, Paul},
  Location                 = {München},
  Publisher                = {CHB},
  Subtitle                 = {Eine kurze Geschichte},
  Year                     = {2014},
  language = {german},
}

