% archaeologie --%
%               biblatex fuer Archaeologen, Historiker und Philologen
% Copyright (c) 2016 Lukas C. Bossert | Johannes Friedl
%  
% This work may be distributed and/or modified under the
% conditions of the LaTeX Project Public License, either version 1.3
% of this license or (at your option) any later version.
% The latest version of this license is in
%   http://www.latex-project.org/lppl.txt
% and version 1.3 or later is part of all distributions of LaTeX
% version 2005/12/01 or later.
@Book{ABV,
  Title                    = {Attic Black-figure Vase-painters},
  Author                   = {Beazley, J. D.},
  Location                 = {Oxford},
  Year                     = {1956},

  Keywords                 = {Sigel},
  Options                  = {corpus},
  Shorthand                = ABV-short
}
@Book{AE,
  Title                    = AE-long,

  Keywords                 = {Sigel},
  Options                  = {corpus},
  Shorthand                = AE-short
}
@Reference{AHw,
  Title                    = {Akkadisches Handwörterbuch},
  Location                 = {Wiesbaden},
  Year                     = {1965--1981},

  Author                   = {von Soden, W.},
  Keywords                 = {Sigel},
  Options                  = {corpus},
  Shorthand                = AHw-short
}
@Book{ARV2,
  Title                    = {Attic Red-figure Vase-painters},
  Author                   = {Beazley, J. D.},
  Location                 = {Oxford},
  Year                     = {1963},

  Edition                  = {2},

  Keywords                 = {Sigel},
  Options                  = {corpus},
  Shorthand                = ARV2-short
}
@Reference{CAD,
  Title                    = CAD-long,

  Keywords                 = {Sigel},
  Options                  = {corpus},
  Shorthand                = CAD-short
}

@Book{CIL,
  Title                    = CIL-long,

  Keywords                 = {Sigel},
  Options                  = {corpus},
  Shorthand                = CIL-short
}
@Reference{DACL,
  Title                    = DACL-long,

  Keywords                 = {Sigel},
  Options                  = {corpus},
  Shorthand                = DACL-short
}
@Reference{Daremberg-Saglio,
  Title                    = Daremberg-Saglio-long,

  Keywords                 = {Sigel},
  Options                  = {corpus},
  Shorthand                = Daremberg-Saglio-short
}
@Reference{DNP,
  Title                    = DNP-long,

  Keywords                 = {Sigel},
  Options                  = {corpus},
  Shorthand                = DNP-short
}
@Reference{EAA,
  Title                    = EAA-long,

  Keywords                 = {Sigel},
  Options                  = {corpus},
  Shorthand                = EAA-short
}
@Reference{FGrHist,
  Title                    = {Die Fragmente der griechischen Historiker},

  Author                   = {Felix Jacoby},
  Keywords                 = {Sigel},
  Options                  = {corpus},
  Shorthand                = FGrHist-short
}
@Reference{FHG,
  Title                    = FHG-long,

  Keywords                 = {Sigel},
  Options                  = {corpus},
  Shorthand                = FHG-short
}
@Reference{FR,
  Title                    = {Griechische Vasenmalerei},
  Location                 = {München},
  Year                     = {1900--1925},

  Author                   = {Adolph Furtwängler and Karl Reichhold},
  Keywords                 = {Sigel},
  Options                  = {corpus},
  Shorthand                = FR-short
}
@Reference{HAW,
  Title                    = HAW-long,

  Keywords                 = {Sigel},
  Options                  = {corpus},
  Shorthand                = HAW-short
}
@Reference{HdArch,
  Title                    = HdArch-long,

  Keywords                 = {Sigel},
  Options                  = {corpus},
  Shorthand                = HdArch-short
}
@Reference{Head,
  Title                    = {Historia Numorum},
  Edition                  = {2},
  Location                 = {Oxford},
  Subtitle                 = {A Manual of Greek Numismatics},
  Year                     = {1911},

  Author                   = {Head, B. V.},
  Keywords                 = {Sigel},
  Options                  = {corpus},
  Origyear                 = {1887},
  Shorthand                = Head-short
}
@Reference{Helbig,
  Title                    = {Führer durch die öffentlichen Sammlungen klassischer Altertümer in Rom},

  Author                   = {Helbig, W.},
  Keywords                 = {Sigel},
  Options                  = {corpus},
  Shorthand                = Helbig-short
}
@Reference{IG,
  Title                    = IG-long,

  Keywords                 = {Sigel},
  Options                  = {corpus},
  Shorthand                = IG-short
}
@Reference{IGR,
  Title                    = IGR-long,

  Keywords                 = {Sigel},
  Options                  = {corpus},
  Shorthand                = IGR-short
}
@Reference{IK,
  Title                    = IK-long,

  Keywords                 = {Sigel},
  Options                  = {corpus},
  Shorthand                = IK-short
}
@Book{ILS,
  Title                    = {Inscriptiones Latinae selectae},
  Editor                   = {Dessau, Hermann},
  Location                 = {Berlin},
  Year                     = {1892--1916},

  Keywords                 = {Sigel},
  Options                  = {corpus},
  Shorthand                = ILS-short
}
@Reference{LAe,
  Title                    = LAe-long,

  Keywords                 = {Sigel},
  Options                  = {corpus},
  Shorthand                = LAe-short
}
@Reference{Liddell-Scott-Jones,
  Title                    = Liddell-­Scott-Jones-long,

  Keywords                 = {Sigel},
  Options                  = {corpus},
  Shorthand                = Liddell-­Scott-Jones-short,
}
@Reference{LIMC,
  Title                    = LIMC-long,

  Keywords                 = {Sigel},
  Options                  = {corpus},
  Shorthand                = LIMC-short
}
@Reference{LTUR,
  Title                    = LTUR-long,

  Keywords                 = {Sigel},
  Options                  = {corpus},
  Shorthand                = LTUR-short
}
@Reference{PIR,
  Title                    = PIR-long,

  Keywords                 = {Sigel},
  Options                  = {corpus},
  Shorthand                = PIR-short
}
@Reference{PPM,
  Title                    = {Pompei},
  Subtitle                 = {Pitture e Mosaici},
  Volume                   = {1-9},
  Year                     = {1990--2000},

  Author                   = {Ida Baldassare and T. Lanzillotta and S. Salomi},
  Keywords                 = {Sigel},
  Options                  = {corpus},
  Shorthand                =PPM-short,
}
@Reference{PPP,
  Title                    = {Pitture e Pavimenti di Pompei},
  Volume                   = {1-3},
  Year                     = {1981--1985},

  Author                   = {Irene Bragantini and Marietta de Vos and Franca Parise Badoni},
  Keywords                 = {Sigel},
  Options                  = {corpus},
  Shorthand                = {PPP}
}
@Reference{RAC,
  Title                    = RAC-long,

  Keywords                 = {Sigel},
  Options                  = {corpus},
  Shorthand                = RAC-short
}
@Reference{RBK,
  Title                    = RBK-long,

  Keywords                 = {Sigel},
  Options                  = {corpus},
  Shorthand                = RBK-short
}
@Reference{RE,
  Title                    = RE-long,

  Keywords                 = {Sigel},
  Options                  = {corpus},
  Shorthand                = RE-short
}
@Reference{RES,
  Title                    = {Répertoire d’épigraphie sémitique},
  Location                 = {Paris},
  Year                     = {1900–1950},

  Keywords                 = {Sigel},
  Options                  = {corpus},
  Shorthand                = RES-short
}
@Reference{RIA,
  Title                    = RIA-long,

  Keywords                 = {Sigel},
  Options                  = {corpus},
  Shorthand                = RIA-short
}
@Reference{RIC,
  Title                    = {The Roman Imperial Coinage},

  Author                   = {H. Mattingly and E. A. Sydenham},
  Keywords                 = {Sigel},
  Options                  = {corpus},
  Shorthand                = RIC-short
}
@Reference{RoscherML,
  Title                    = {Ausführliches Lexikon der griechischen und römischen Mythologie},

  Author                   = {Roscher, W. H.},
  Keywords                 = {Sigel},
  Options                  = {corpus},
  Shorthand                = RoscherML-short
}
@Reference{RPC,
  Title                    = RPC-long,

  Keywords                 = {Sigel},
  Options                  = {corpus},
  Shorthand                = RPC-short
}
@Reference{RRC,
  Title                    = {Roman Republican Coinage},
  Location                 = {London},
  Year                     = {1974},

  Author                   = {Crawford, M.},
  Keywords                 = {Sigel},
  Options                  = {corpus},
  Shorthand                = RRC-short
}
@Reference{SEG,
  Title                    = SEG-long,

  Keywords                 = {Sigel},
  Options                  = {corpus},
  Shorthand                = SEG-short
}
@Reference{SIG,
  Title                    = {Sylloge inscriptionum Graecarum},
  Edition                  = {3},
  Location                 = {Leipzig},
  Year                     = {1915--1924},

  Author                   = {Dittenberger, W.},
  Keywords                 = {Sigel},
  Options                  = {corpus},
  Shorthand                = SIG-short
}
@Reference{SNG,
  Title                    = SNG-long,

  Keywords                 = {Sigel},
  Options                  = {corpus},
  Shorthand                = SNG-short
}
@Reference{TAM,
  Title                    = {Tituli Asiae Minoris},
  Editor                   = {Kalinka, E.},
  Location                 = {Wien},
  Year                     = {1901--1941},

  Keywords                 = {Sigel},
  Options                  = {corpus},
  Shorthand                = TAM-short
}
@Reference{ThesCRA,
  Title                    = ThesCRA-long,

  Keywords                 = {Sigel},
  Options                  = {corpus},
  Shorthand                = ThesCRA-short
}
@Reference{Thieme-Becker,
  Title                    = {Allgemeines Lexikon der bildenden Künstler},
  Editor                   = {U. Thieme and F. Becker},

  Keywords                 = {Sigel},
  Options                  = {corpus},
  Shorthand                = Thieme-Becker-short
}
@Reference{TIB,
  Title                    = TIB-long,

  Keywords                 = {Sigel},
  Options                  = {corpus},
  Shorthand                = TIB-short
}
