% Encoding: UTF-8

@String{HUP      = {Harvard University Press}}
@String{LCL-kurz = {LCL}}
@String{LCL-lang = {Loeb Classical Library}}

@Book{Cass_Dio-loeb,
  author       = {Cassius Dio Cocceianus, Lucius},
  title        = {Roman History},
  publisher    = HUP,
  location     = {Cambridge and London},
  year         = {1914--1927},
  volume       = {I--IX},
  series       = LCL-lang,
  origtitle    = {Ῥωμαικὴ ἱστορία},
  origlanguage = {greek},
  translator   = {Earnest Cary},
  shorthand    = {Cass. Dio},
  shortauthor  = {Cassius Dio},
  keywords     = {ancient},
  options      = {antik},
  shortseries  = LCL-kurz,
}

@Book{Cic_Att-loeb,
  author       = {Tullius Cicero, Marcus},
  title        = {Letters to Atticus},
  publisher    = HUP,
  location     = {Cambridge and London},
  year         = {1999},
  volume       = {I--IV},
  series       = LCL-lang,
  origlanguage = {latin},
  translator   = {Shackleton Bailey, D. R.},
  shorthand    = {Cic. Att.},
  shortauthor  = {Cicero},
  keywords     = {ancient},
  options      = {antik},
  shortseries  = LCL-kurz,
}

@Book{Cic_Tusc-loeb,
  author       = {Tullius Cicero, Marcus},
  title        = {Tusculan Disputations},
  publisher    = HUP,
  location     = {Cambridge and London},
  year         = {1927},
  volume       = {XVIII},
  series       = LCL-lang,
  origtitle    = {Tusculanae disputationes},
  origlanguage = {latin},
  translator   = {King, J. E.},
  shorthand    = {Cic. Tusc.},
  shortauthor  = {Cicero},
  keywords     = {ancientle},
  options      = {antik},
  shortseries  = LCL-kurz,
}

@Book{Plut-loeb,
  author       = {Plutarchos},
  title        = {Lives},
  publisher    = HUP,
  location     = {Cambridge and London},
  year         = {1914--1926},
  volume       = {I--XI},
  series       = LCL-lang,
  origlanguage = {greek},
  translator   = {Bernadotte Perrin},
  shorthand    = {Plut.},
  shortauthor  = {Plutarch},
  keywords     = {ancient},
  options      = {antik},
  shortseries  = LCL-kurz,
}

@Book{Quint_decl-loeb,
  author       = {Fabius Quintilianus, Marcus},
  editor       = {Shackleton Bailey, D. R.},
  title        = {The Lesser Declamations},
  publisher    = HUP,
  location     = {Cambridge, Mass.},
  year         = {2006},
  series       = LCL-lang,
  number       = {500},
  origtitle    = {Declamationes},
  origlanguage = {latin},
  translator   = {Shackleton Bailey, D. R.},
  shorthand    = {Quint. decl.},
  shortauthor  = {Quintilian},
  keywords     = {ancient},
  options      = {antik},
  shortseries  = LCL-kurz,
  volumes      = {2},
}

@Book{Tac_dial-loeb,
  author       = {Cornelius Tacitus, Publius},
  title        = {Agricola. Germania. Dialogue on Oratory},
  publisher    = HUP,
  location     = {Cambridge and London},
  year         = {1914},
  volume       = {I},
  series       = LCL-lang,
  number       = {35},
  origtitle    = {Dialogus de oratoribus},
  origlanguage = {latin},
  translator   = {M. Hutton},
  shorthand    = {Tac. dial.},
  shortauthor  = {Tacitus},
  keywords     = {ancient},
  options      = {antik},
  shortseries  = LCL-kurz,
}

@Book{Val_Max-loeb,
  author       = {{Valerius Maximus}},
  title        = {Memorable Doings and Sayings},
  publisher    = HUP,
  location     = {Cambridge and London},
  year         = {2000},
  volume       = {I--II},
  series       = LCL-lang,
  number       = {492},
  origtitle    = {Facta et dicta memorabilia},
  origlanguage = {latin},
  translator   = {Shackleton Bailey, D. R.},
  shorthand    = {Val. Max.},
  shortauthor  = {Valerius Maximus},
  keywords     = {ancient},
  options      = {antik},
  shortseries  = LCL-kurz,
}

@Comment{jabref-meta: databaseType:biblatex;}
