@Book{Acc,author ={{Accius}},  title = { }, shorthand = {Acc.}, shortauthor = {Accius}, keywords = {ancient}, options = {antik}}
@Book{Ach_Tat,author ={{Achilleus Tatios}},  title = { }, shorthand = {Ach. Tat.}, shortauthor = {Achilleus Tatios}, keywords = {ancient}, options = {antik}}
@Book{Aet,author ={{Aetios}},  title = { }, shorthand = {Aet.}, shortauthor = {Aetios}, keywords = {ancient}, options = {antik}}
@Book{Aischyl_Ag,author ={{Aischylos}},  title = {Agamemnon }, shorthand = {Aischyl. Ag.}, shortauthor = {Aischylos}, keywords = {ancient}, options = {antik}}
@Book{Aischyl_Choeph,author ={{Aischylos}},  title = {Choephoroi }, shorthand = {Aischyl. Choeph.}, shortauthor = {Aischylos}, keywords = {ancient}, options = {antik}}
@Book{Aischyl_Eum,author ={{Aischylos}},  title = {Eumenides }, shorthand = {Aischyl. Eum.}, shortauthor = {Aischylos}, keywords = {ancient}, options = {antik}}
@Book{Aischyl_Pers,author ={{Aischylos}},  title = {Persae }, shorthand = {Aischyl. Pers.}, shortauthor = {Aischylos}, keywords = {ancient}, options = {antik}}
@Book{Aischyl_Prom,author ={{Aischylos}},  title = {Prometheus }, shorthand = {Aischyl. Prom.}, shortauthor = {Aischylos}, keywords = {ancient}, options = {antik}}
@Book{Aischyl_Sept,author ={{Aischylos}},  title = {Septem adversus Thebas }, shorthand = {Aischyl. Sept.}, shortauthor = {Aischylos}, keywords = {ancient}, options = {antik}}
@Book{Aischyl_Suppl,author ={{Aischylos}},  title = {Supplices (Hiketides) }, shorthand = {Aischyl. Suppl.}, shortauthor = {Aischylos}, keywords = {ancient}, options = {antik}}
@Book{Aisop,author ={{Aisopos}},  title = { }, shorthand = {Aisop.}, shortauthor = {Aisopos}, keywords = {ancient}, options = {antik}}
@Book{Alex_Aphr,author ={{{Alexandros von Aphrodisias}}},  title = { }, shorthand = {Alex. Aphr.}, shortauthor = {{Alexandros von Aphrodisias}}, keywords = {ancient}, options = {antik}}
@Book{Alk,author ={{Alkaios}},  title = { }, shorthand = {Alk.}, shortauthor = {Alkaios}, keywords = {ancient}, options = {antik}}
@Book{Ambr_epist,author ={{Ambrosius}},  title = {epistulae }, shorthand = {Ambr. epist.}, shortauthor = {Ambrosius}, keywords = {ancient}, options = {antik}}
@Book{Ambr_exc_Sat,author ={{Ambrosius}},  title = {de excessu fratris (Satyri) }, shorthand = {Ambr. exc. Sat.}, shortauthor = {Ambrosius}, keywords = {ancient}, options = {antik}}
@Book{Ambr_obit_Theod,author ={{Ambrosius}},  title = {de obitu Theodosii }, shorthand = {Ambr. obit. Theod.}, shortauthor = {Ambrosius}, keywords = {ancient}, options = {antik}}
@Book{Ambr_obit_Valent,author ={{Ambrosius}},  title = {de obitu Valentiniani (iunioris) }, shorthand = {Ambr. obit. Valent.}, shortauthor = {Ambrosius}, keywords = {ancient}, options = {antik}}
@Book{Ambr_off,author ={{Ambrosius}},  title = {de officiis magistrorum }, shorthand = {Ambr. off.}, shortauthor = {Ambrosius}, keywords = {ancient}, options = {antik}}
@Book{Ambr_paenit,author ={{Ambrosius}},  title = {de paenitentia }, shorthand = {Ambr. paenit.}, shortauthor = {Ambrosius}, keywords = {ancient}, options = {antik}}
@Book{Amm,author ={{Ammianus Marcellinus}},  title = { }, shorthand = {Amm.}, shortauthor = {Ammianus Marcellinus}, keywords = {ancient}, options = {antik}}
@Book{Anakr,author ={{Anakreon}},  title = { }, shorthand = {Anakr.}, shortauthor = {Anakreon}, keywords = {ancient}, options = {antik}}
@Book{Anaxag,author ={{Anaxagoras}},  title = { }, shorthand = {Anaxag.}, shortauthor = {Anaxagoras}, keywords = {ancient}, options = {antik}}
@Book{Anaximand,author ={{Anaximandros}},  title = { }, shorthand = {Anaximand.}, shortauthor = {Anaximandros}, keywords = {ancient}, options = {antik}}
@Book{Anaximen,author ={{Anaximenes}},  title = { }, shorthand = {Anaximen.}, shortauthor = {Anaximenes}, keywords = {ancient}, options = {antik}}
@Book{And,author ={{Andokides}},  title = { }, shorthand = {And.}, shortauthor = {Andokides}, keywords = {ancient}, options = {antik}}
@Book{Anth_Gr,author ={{Antologia Graeca}},  title = {Antologia Graeca }, shorthand = {Anth. Gr.}, shortauthor = {Antologia Graeca}, keywords = {ancient}, options = {antik}}
@Book{Anth_Lat,author ={{Antologia Latina}},  title = {Antologia Latina }, shorthand = {Anth. Lat.}, shortauthor = {Antologia Latina}, keywords = {ancient}, options = {antik}}
@Book{Anth_Pal,author ={{Antologia Palatina}},  title = {Antologia Palatina }, shorthand = {Anth. Pal.}, shortauthor = {Antologia Palatina}, keywords = {ancient}, options = {antik}}
@Book{Anth_Plan,author ={{Anthologia Planudea}},  title = {Anthologia Planudea }, shorthand = {Anth. Plan.}, shortauthor = {Anthologia Planudea}, keywords = {ancient}, options = {antik}}
@Book{Antiph,author ={{Antiphon}},  title = { }, shorthand = {Antiph.}, shortauthor = {Antiphon}, keywords = {ancient}, options = {antik}}
@Book{Antisth,author ={{Antisthenes}},  title = { }, shorthand = {Antisth.}, shortauthor = {Antisthenes}, keywords = {ancient}, options = {antik}}
@Book{Ap,author ={{Apostelgeschichte}},  title = {Apostelgeschichte }, shorthand = {Ap.}, shortauthor = {Apostelgeschichte}, keywords = {ancient}, options = {antik}}
@Book{Apk,author ={{Apokalypse}},  title = {Apokalypse }, shorthand = {Ap.}, shortauthor = {Apokalypse}, keywords = {ancient}, options = {antik}}
@Book{Apoll_Rhod,author ={{Apollonios Rhodios}},  title = {Argonautica }, shorthand = {Apoll. Rhod.}, shortauthor = {Apollonios Rhodios}, keywords = {ancient}, options = {antik}}
@Book{Apollod_bibl,author ={{Apollodoros}},  title = {bibliotheke }, shorthand = {Apollod. bibl.}, shortauthor = {Apollodoros}, keywords = {ancient}, options = {antik}}
@Book{Apollod_epit,author ={{Apollodoros}},  title = {epitome }, shorthand = {Apollod. epit.}, shortauthor = {Apollodoros}, keywords = {ancient}, options = {antik}}
@Book{App_Celt,author ={{Appian}},  title = {Celtica }, shorthand = {App. Celt.}, shortauthor = {Appian}, keywords = {ancient}, options = {antik}}
@Book{App_civ,author ={{Appian}},  title = {bella civilia }, shorthand = {App. civ.}, shortauthor = {Appian}, keywords = {ancient}, options = {antik}}
@Book{App_Hann,author ={{Appian}},  title = {Hannibalica }, shorthand = {App. Hann.}, shortauthor = {Appian}, keywords = {ancient}, options = {antik}}
@Book{App_Ib,author ={{Appian}},  title = {Iberica }, shorthand = {App. Ib.}, shortauthor = {Appian}, keywords = {ancient}, options = {antik}}
@Book{App_Ill,author ={{Appian}},  title = {Illyrica }, shorthand = {App. Ill.}, shortauthor = {Appian}, keywords = {ancient}, options = {antik}}
@Book{App_It,author ={{Appian}},  title = {Italica }, shorthand = {App. It.}, shortauthor = {Appian}, keywords = {ancient}, options = {antik}}
@Book{App_Lib,author ={{Appian}},  title = {Libyca }, shorthand = {App. Lib.}, shortauthor = {Appian}, keywords = {ancient}, options = {antik}}
@Book{App_Mac,author ={{Appian}},  title = {Macedonica }, shorthand = {App. Mac.}, shortauthor = {Appian}, keywords = {ancient}, options = {antik}}
@Book{App_Mithr,author ={{Appian}},  title = {Mithridatius }, shorthand = {App. Mithr.}, shortauthor = {Appian}, keywords = {ancient}, options = {antik}}
@Book{App_pr,author ={{Appian}},  title = {proemium }, shorthand = {App. pr.}, shortauthor = {Appian}, keywords = {ancient}, options = {antik}}
@Book{App_reg,author ={{Appian}},  title = {regia }, shorthand = {App. reg.}, shortauthor = {Appian}, keywords = {ancient}, options = {antik}}
@Book{App_Rom,author ={{Appian}},  title = {historia romana }, shorthand = {App. Rom.}, shortauthor = {Appian}, keywords = {ancient}, options = {antik}}
@Book{App_Samn,author ={{Appian}},  title = {Samnitica }, shorthand = {App. Samn.}, shortauthor = {Appian}, keywords = {ancient}, options = {antik}}
@Book{App_Sic,author ={{Appian}},  title = {Sicula }, shorthand = {App. Sic.}, shortauthor = {Appian}, keywords = {ancient}, options = {antik}}
@Book{App_Syr,author ={{Appian}},  title = {Syriaca }, shorthand = {App. Syr.}, shortauthor = {Appian}, keywords = {ancient}, options = {antik}}
@Book{Apul_Flor,author ={Apuleius Madaurensis, Lucius},  title = {florida }, shorthand = {Apul. Flor.}, shortauthor = {Apuleius}, keywords = {ancient}, options = {antik}}
@Book{Apul_met,author ={Apuleius Madaurensis, Lucius},  title = {metamorphoses }, shorthand = {Apul. met.}, shortauthor = {Apuleius}, keywords = {ancient}, options = {antik}}
@Book{Arat,author ={Aratos},  title = { }, shorthand = {Arat.}, shortauthor = {Aratos}, keywords = {ancient}, options = {antik}}
@Book{Archil,author ={Archilochos},  title = { }, shorthand = {Archil.}, shortauthor = {Archilochos}, keywords = {ancient}, options = {antik}}
@Book{Archim,author ={Archimedes},  title = { }, shorthand = {Archim.}, shortauthor = {Archimedes}, keywords = {ancient}, options = {antik}}
@Book{Archyt,author ={Archytas},  title = { }, shorthand = {Archyt.}, shortauthor = {Archytas}, keywords = {ancient}, options = {antik}}
@Book{Aristeid,author ={Ailios Aristeides},  title = { }, shorthand = {Aristeid.}, shortauthor = {Ailios Aristeides}, keywords = {ancient}, options = {antik}}
@Book{Aristoph_Ach,author ={Aristophanes},  title = {Acharnenses }, shorthand = {Aristoph. Ach.}, shortauthor = {Aristophanes}, keywords = {ancient}, options = {antik}}
@Book{Aristoph_Av,author ={Aristophanes},  title = {Aves (Ornithes) }, shorthand = {Aristoph. Av.}, shortauthor = {Aristophanes}, keywords = {ancient}, options = {antik}}
@Book{Aristoph_Eccl,author ={Aristophanes},  title = { Ecclesiazusae }, shorthand = {Aristoph. Eccl.}, shortauthor = {Aristophanes}, keywords = {ancient}, options = {antik}}
@Book{Aristoph_Equ,author ={Aristophanes},  title = {Equites (Hippeis) }, shorthand = {Aristoph. Equ.}, shortauthor = {Aristophanes}, keywords = {ancient}, options = {antik}}
@Book{Aristoph_Lys,author ={Aristophanes},  title = {Lysistrata }, shorthand = {Aristoph. Lys.}, shortauthor = {Aristophanes}, keywords = {ancient}, options = {antik}}
@Book{Aristoph_Nub,author ={Aristophanes},  title = {Nubes (Nephelai) }, shorthand = {Aristoph. Nub.}, shortauthor = {Aristophanes}, keywords = {ancient}, options = {antik}}
@Book{Aristoph_Pax,author ={Aristophanes},  title = {Pax (Eirene) }, shorthand = {Aristoph. Pax}, shortauthor = {Aristophanes}, keywords = {ancient}, options = {antik}}
@Book{Aristoph_Plut,author ={Aristophanes},  title = {Plutus }, shorthand = {Aristoph. Plut.}, shortauthor = {Aristophanes}, keywords = {ancient}, options = {antik}}
@Book{Aristoph_Ran,author ={Aristophanes},  title = {Ranae (Batrachoi) }, shorthand = {Aristoph. Ran.}, shortauthor = {Aristophanes}, keywords = {ancient}, options = {antik}}
@Book{Aristoph_Thesm,author ={Aristophanes},  title = {Thesmophoriazusae }, shorthand = {Aristoph. Thesm.}, shortauthor = {Aristophanes}, keywords = {ancient}, options = {antik}}
@Book{Aristoph_Vesp,author ={Aristophanes},  title = {Vespae (Sphekes) }, shorthand = {Aristoph. Vesp.}, shortauthor = {Aristophanes}, keywords = {ancient}, options = {antik}}
@Book{Aristot_an,author ={{Aristoteles}},  title = {de anima (peri psyches) }, shorthand = {Aristot. an.}, shortauthor = {Aristoteles}, keywords = {ancient}, options = {antik}}
@Book{Aristot_an_post,author ={{Aristoteles}},  title = {analytica posteriora }, shorthand = {Aristot. an post.}, shortauthor = {Aristoteles}, keywords = {ancient}, options = {antik}}
@Book{Aristot_an_pr,author ={{Aristoteles}},  title = {analytica priora }, shorthand = {Aristot. an pr.}, shortauthor = {Aristoteles}, keywords = {ancient}, options = {antik}}
@Book{Aristot_Ath_pol,author ={{Aristoteles}},  title = {Athenaion politeia }, shorthand = {Aristot. Ath. pol.}, shortauthor = {Aristoteles}, keywords = {ancient}, options = {antik}}
@Book{Aristot_cael,author ={{Aristoteles}},  title = {de caelo }, shorthand = {Aristot. cael.}, shortauthor = {Aristoteles}, keywords = {ancient}, options = {antik}}
@Book{Aristot_cat,author ={{Aristoteles}},  title = {categoriae }, shorthand = {Aristot. cat.}, shortauthor = {Aristoteles}, keywords = {ancient}, options = {antik}}
@Book{Aristot_col,author ={{Aristoteles}},  title = {de coloribus (περὶ χρωμάτων) }, shorthand = {Aristot. col.}, shortauthor = {Aristoteles}, keywords = {ancient}, options = {antik}}
@Book{Aristot_div,author ={{Aristoteles}},  title = {de divinatione (peri mantikes) }, shorthand = {Aristot. div.}, shortauthor = {Aristoteles}, keywords = {ancient}, options = {antik}}
@Book{Aristot_Eth_Eud,author ={{Aristoteles}},  title = { ethica Eudemia }, shorthand = {Aristot. Eth. Eud.}, shortauthor = {Aristoteles}, keywords = {ancient}, options = {antik}}
@Book{Aristot_eth_Nic,author ={{Aristoteles}},  title = {ethica Nicomachea }, shorthand = {Aristot. eth. Nic.}, shortauthor = {Aristoteles}, keywords = {ancient}, options = {antik}}
@Book{Aristot_gen_an,author ={{Aristoteles}},  title = {de generatione animalium }, shorthand = {Aristot. gen. an.}, shortauthor = {Aristoteles}, keywords = {ancient}, options = {antik}}
@Book{Aristot_gen_corr,author ={{Aristoteles}},  title = {de generatione et corruptione }, shorthand = {Aristot. gen. corr.}, shortauthor = {Aristoteles}, keywords = {ancient}, options = {antik}}
@Book{Aristot_hist,author ={{Aristoteles}},  title = {historia animalium }, shorthand = {Aristot. hist.}, shortauthor = {Aristoteles}, keywords = {ancient}, options = {antik}}
@Book{Aristot_m_mor,author ={{Aristoteles}},  title = {magna moralia }, shorthand = {Aristot. m. mor.}, shortauthor = {Aristoteles}, keywords = {ancient}, options = {antik}}
@Book{Aristot_metaph,author ={{Aristoteles}},  title = {metaphysica }, shorthand = {Aristot. metaph.}, shortauthor = {Aristoteles}, keywords = {ancient}, options = {antik}}
@Book{Aristot_meteor,author ={{Aristoteles}},  title = {meteorologica }, shorthand = {Aristot. meteor.}, shortauthor = {Aristoteles}, keywords = {ancient}, options = {antik}}
@Book{Aristot_mir,author ={{Aristoteles}},  title = {mirabilia }, shorthand = {Aristot. mir.}, shortauthor = {Aristoteles}, keywords = {ancient}, options = {antik}}
@Book{Aristot_mot_an,author ={{Aristoteles}},  title = {de motu animalium }, shorthand = {Aristot. mot. an.}, shortauthor = {Aristoteles}, keywords = {ancient}, options = {antik}}
@Book{Aristot_mund,author ={{Aristoteles}},  title = {de mundo (peri kosmu) }, shorthand = {Aristot. mund.}, shortauthor = {Aristoteles}, keywords = {ancient}, options = {antik}}
@Book{Aristot_oec,author ={{Aristoteles}},  title = {oeconomica }, shorthand = {Aristot. oec.}, shortauthor = {Aristoteles}, keywords = {ancient}, options = {antik}}
@Book{Aristot_part_an,author ={{Aristoteles}},  title = {de partibus animalium }, shorthand = {Aristot. part. an.}, shortauthor = {Aristoteles}, keywords = {ancient}, options = {antik}}
@Book{Aristot_phgn,author ={{Aristoteles}},  title = {physiognomica }, shorthand = {Aristot. phgn.}, shortauthor = {Aristoteles}, keywords = {ancient}, options = {antik}}
@Book{Aristot_phys,author ={{Aristoteles}},  title = {physica }, shorthand = {Aristot. phys.}, shortauthor = {Aristoteles}, keywords = {ancient}, options = {antik}}
@Book{Aristot_poet,author ={{Aristoteles}},  title = {poetica }, shorthand = {Aristot. poet.}, shortauthor = {Aristoteles}, keywords = {ancient}, options = {antik}}
@Book{Aristot_pol,author ={{Aristoteles}},  title = {politica }, shorthand = {Aristot. pol.}, shortauthor = {Aristoteles}, keywords = {ancient}, options = {antik}}
@Book{Aristot_probl,author ={{Aristoteles}},  title = {problemata }, shorthand = {Aristot. probl.}, shortauthor = {Aristoteles}, keywords = {ancient}, options = {antik}}
@Book{Aristot_rhet,author ={{Aristoteles}},  title = {rhetorica }, shorthand = {Aristot. rhet.}, shortauthor = {Aristoteles}, keywords = {ancient}, options = {antik}}
@Book{Aristot_rhet_Alex,author ={{Aristoteles}},  title = {rhetorica ad Alexandrum }, shorthand = {Aristot. rhet. Alex.}, shortauthor = {Aristoteles}, keywords = {ancient}, options = {antik}}
@Book{Aristot_sens,author ={{Aristoteles}},  title = {de sensu (περὶ αἰσθήσεως) }, shorthand = {Aristot. sens.}, shortauthor = {Aristoteles}, keywords = {ancient}, options = {antik}}
@Book{Aristot_somn,author ={{Aristoteles}},  title = {de somno et vigilia (περὶ ὔπνου καὶ ἐγρηγόρσεως) }, shorthand = {Aristot. somn.}, shortauthor = {Aristoteles}, keywords = {ancient}, options = {antik}}
@Book{Aristot_soph_el,author ={{Aristoteles}},  title = {sophistici elenchi }, shorthand = {Aristot. soph. el.}, shortauthor = {Aristoteles}, keywords = {ancient}, options = {antik}}
@Book{Aristot_spir,author ={{Aristoteles}},  title = {de spiritu }, shorthand = {Aristot. spir.}, shortauthor = {Aristoteles}, keywords = {ancient}, options = {antik}}
@Book{Aristot_top,author ={{Aristoteles}},  title = {topica }, shorthand = {Aristot. top.}, shortauthor = {Aristoteles}, keywords = {ancient}, options = {antik}}
@Book{Arnob,author ={{Arnobius}},  title = {adversus nationes }, shorthand = {Arnob.}, shortauthor = {Arnobius}, keywords = {ancient}, options = {antik}}
@Book{Arr_an,author ={Arrianos},  title = {Anabasis }, shorthand = {Arr. an.}, shortauthor = {Arrian}, keywords = {ancient}, options = {antik}}
@Book{Arr_cyn,author ={Arrianos},  title = {Cynegeticus }, shorthand = {Arr. cyn.}, shortauthor = {Arrian}, keywords = {ancient}, options = {antik}}
@Book{Arr_Ind,author ={Arrianos},  title = {Indica }, shorthand = {Arr. Ind.}, shortauthor = {Arrian}, keywords = {ancient}, options = {antik}}
@Book{Arr_per_p_E,author ={Arrianos},  title = {Periplus ponti Euxeni }, shorthand = {Arr. per p. E.}, shortauthor = {Arrian}, keywords = {ancient}, options = {antik}}
@Book{Arr_succ,author ={Arrianos},  title = {Istoria successorum Alexandri }, shorthand = {Arr. succ.}, shortauthor = {Arrian}, keywords = {ancient}, options = {antik}}
@Book{Arr_tact,author ={Arrianos},  title = {tactica }, shorthand = {Arr. tact.}, shortauthor = {Arrian}, keywords = {ancient}, options = {antik}}
@Book{Artem,author ={{Artemidor von Daldis}},  title = {Oneirokritika }, shorthand = {Artem.}, shortauthor = {Artemidor von Daldis}, keywords = {ancient}, options = {antik}}
@Book{Athan_ad_Const,author ={Athanasios},  title = {Apologia ad Constantium }, shorthand = {Athan. ad Const.}, shortauthor = {Athanasios}, keywords = {ancient}, options = {antik}}
@Book{Athan_c_Ar,author ={Athanasios},  title = {Apologia contra Arianos }, shorthand = {Athan. c. Ar.}, shortauthor = {Athanasios}, keywords = {ancient}, options = {antik}}
@Book{Athan_fuga,author ={Athanasios},  title = {Apologia de fuga sua }, shorthand = {Athan. fuga}, shortauthor = {Athanasios}, keywords = {ancient}, options = {antik}}
@Book{Athan_hist_Ar,author ={Athanasios},  title = {Istoria Arianorum ad monachos }, shorthand = {Athan. hist. Ar.}, shortauthor = {Athanasios}, keywords = {ancient}, options = {antik}}
@Book{Athen,author ={Athenaios},  title = { }, shorthand = {Athen.}, shortauthor = {Athenaios}, keywords = {ancient}, options = {antik}}
@Book{Aug_civ,author ={Augustinus},  title = {de civitate dei }, shorthand = {Aug. civ.}, shortauthor = {Augustinus}, keywords = {ancient}, options = {antik}}
@Book{Aug_conf,author ={Augustinus},  title = {confessiones }, shorthand = {Aug. conf.}, shortauthor = {Augustinus}, keywords = {ancient}, options = {antik}}
@Book{Aug_doctchrist,author ={Augustinus},  title = {de doctrina christiana }, shorthand = {Aug. doct.christ.}, shortauthor = {Augustinus}, keywords = {ancient}, options = {antik}}
@Book{Aug_epist,author ={Augustinus},  title = {epistulae }, shorthand = {Aug. epist.}, shortauthor = {Augustinus}, keywords = {ancient}, options = {antik}}
@Book{Aug_retract,author ={Augustinus},  title = {retractationes }, shorthand = {Aug. retract.}, shortauthor = {Augustinus}, keywords = {ancient}, options = {antik}}
@Book{Aug_serm,author ={Augustinus},  title = {sermones }, shorthand = {Aug. serm.}, shortauthor = {Augustinus}, keywords = {ancient}, options = {antik}}
@Book{Aug_soliloq,author ={Augustinus},  title = {soliloquia }, shorthand = {Aug. soliloq.}, shortauthor = {Augustinus}, keywords = {ancient}, options = {antik}}
@Book{Aug_trin,author ={Augustinus},  title = {de trinitate }, shorthand = {Aug. trin.}, shortauthor = {Augustinus}, keywords = {ancient}, options = {antik}}
@Book{Aur_Vict,author ={{Aurelius Victor}},  title = { }, shorthand = {Aur. Vict.}, shortauthor = {Aurelius Victor}, keywords = {ancient}, options = {antik}}
@Book{Auson_Mos,author ={{Ausonius}},  title = {Mosella }, shorthand = {Auson. Mos.}, shortauthor = {Ausonius}, keywords = {ancient}, options = {antik}}
@Book{Auson_urb,author ={{Ausonius}},  title = {ordo nobilium urbium }, shorthand = {Auson. urb.}, shortauthor = {Ausonius}, keywords = {ancient}, options = {antik}}
@Book{Avien,author ={{Avienus}},  title = { }, shorthand = {Avien.}, shortauthor = {Avienus}, keywords = {ancient}, options = {antik}}
@Book{Babr,author ={{Babrios}},  title = { }, shorthand = {Babr.}, shortauthor = {Babrios}, keywords = {ancient}, options = {antik}}
@Book{Bakchyl,author ={{Bakchylides}},  title = { }, shorthand = {Bakchyl.}, shortauthor = {Bakchylides}, keywords = {ancient}, options = {antik}}
@Book{Boeth,author ={{Boethius}},  title = { }, shorthand = {Boeth.}, shortauthor = {Boethius}, keywords = {ancient}, options = {antik}}
@Book{Caes_Bell_Afr,author ={Iulius Caesar, Caius},  title = {Bellum Africum (Ps.-Caes.) }, shorthand = {Caes. Bell. Afr.}, shortauthor = {Caesar}, keywords = {ancient}, options = {antik}}
@Book{Caes_Bell_Alex,author ={Iulius Caesar, Caius},  title = {Bellum Alexandrinum (Ps.-Caes.) }, shorthand = {Caes. Bell. Alex.}, shortauthor = {Caesar}, keywords = {ancient}, options = {antik}}
@Book{Caes_Bell_Hisp,author ={Iulius Caesar, Caius},  title = {Bellum Hispaniense (Ps.-Caes.) }, shorthand = {Caes. Bell. Hisp.}, shortauthor = {Caesar}, keywords = {ancient}, options = {antik}}
@Book{Caes_civ,author ={Iulius Caesar, Caius},  title = {de bello civili }, shorthand = {Caes. civ.}, shortauthor = {Caesar}, keywords = {ancient}, options = {antik}}
@Book{Caes_Gall,author ={Iulius Caesar, Caius},  title = {de bello Gallico }, shorthand = {Caes. Gall.}, shortauthor = {Caesar}, keywords = {ancient}, options = {antik}}
@Book{Calp_ecl,author ={Calpurnius Siculus, Titus},  title = {Bucolica vel Eclogae }, shorthand = {Calp. ecl.}, shortauthor = {Calpurnius}, keywords = {ancient}, options = {antik}}
@Book{Cass_Dio,author ={Cassius Dio Cocceianus, Lucius},  title = { }, shorthand = {Cass. Dio}, shortauthor = {Cassius Dio}, keywords = {ancient}, options = {antik}}
@Book{Cassiod_inst,author ={Cassiodorus},  title = {institutiones variae }, shorthand = {Cassiod. inst.}, shortauthor = {Cassiodor}, keywords = {ancient}, options = {antik}}
@Book{Cato_agr,author ={Porcius Cato, Marcus},  title = {de agri cultura }, shorthand = {Cato agr.}, shortauthor = {Cato maior}, keywords = {ancient}, options = {antik}}
@Book{Cato_Orig,author ={Porcius Cato, Marcus},  title = {origines }, shorthand = {Cato Orig.}, shortauthor = {Cato maior}, keywords = {ancient}, options = {antik}}
@Book{Catull,author ={Valerius Catullus,Gaius },  title = {carmina }, shorthand = {Catull.}, shortauthor = {Catull}, keywords = {ancient}, options = {antik}}
@Book{Cels,author ={Cornelius Celsus, Aulus},  title = {De medicina }, shorthand = {Cels.}, shortauthor = {Cornelius Celsus}, keywords = {ancient}, options = {antik}}
@Book{Cels_artes,author ={Cornelius Celsus, Aulus},  title = { }, shorthand = {Cels. artes}, shortauthor = {Celsus}, keywords = {ancient}, options = {antik}}
@Book{Cels_Dig,author ={Cornelius Celsus, Aulus},  title = {Digesta }, shorthand = {Cels. Dig.}, shortauthor = {Celsus}, keywords = {ancient}, options = {antik}}
@Book{Cens,author ={Censorinus},  title = {de die natali }, shorthand = {Cens.}, shortauthor = {Censorinus}, keywords = {ancient}, options = {antik}}
@Book{Cic_ac_1,author ={Tullius Cicero, Marcus},  title = {Academicorum posteriorum liber 1 }, shorthand = {Cic. ac. 1}, shortauthor = {Cicero}, keywords = {ancient}, options = {antik}}
@Book{Cic_ac_2,author ={Tullius Cicero, Marcus},  title = {Lucullus sive Academicorum priorum liber 2 }, shorthand = {Cic. ac. 2}, shortauthor = {Cicero}, keywords = {ancient}, options = {antik}}
@Book{Cic_ad_Brut,author ={Tullius Cicero, Marcus},  title = {epistulae ad Brutum }, shorthand = {Cic. ad. Brut.}, shortauthor = {Cicero}, keywords = {ancient}, options = {antik}}
@Book{Cic_ad_Q_fr,author ={Tullius Cicero, Marcus},  title = {ad Quintum fratrem }, shorthand = {Cic. ad Q. fr.}, shortauthor = {Cicero}, keywords = {ancient}, options = {antik}}
@Book{Cic_Arat,author ={Tullius Cicero, Marcus},  title = {Aratea }, shorthand = {Cic. Arat.}, shortauthor = {Cicero}, keywords = {ancient}, options = {antik}}
@Book{Cic_Arch,author ={Tullius Cicero, Marcus},  title = {pro Archia poeta }, shorthand = {Cic. Arch.}, shortauthor = {Cicero}, keywords = {ancient}, options = {antik}}
@Book{Cic_Att,author ={Tullius Cicero, Marcus},  title = {epistulae ad Atticum }, shorthand = {Cic. Att.}, shortauthor = {Cicero}, keywords = {ancient}, options = {antik}}
@Book{Cic_Balb,author ={Tullius Cicero, Marcus},  title = {pro L. Balbo }, shorthand = {Cic. Balb.}, shortauthor = {Cicero}, keywords = {ancient}, options = {antik}}
@Book{Cic_Brut,author ={Tullius Cicero, Marcus},  title = {Brutus }, shorthand = {Cic. Brut.}, shortauthor = {Cicero}, keywords = {ancient}, options = {antik}}
@Book{Cic_Caecin,author ={Tullius Cicero, Marcus},  title = {pro A. Caecina }, shorthand = {Cic. Caecin.}, shortauthor = {Cicero}, keywords = {ancient}, options = {antik}}
@Book{Cic_Cael,author ={Tullius Cicero, Marcus},  title = {pro M. Caelio }, shorthand = {Cic. Cael.}, shortauthor = {Cicero}, keywords = {ancient}, options = {antik}}
@Book{Cic_Catil,author ={Tullius Cicero, Marcus},  title = {in Catilinam }, shorthand = {Cic. Catil.}, shortauthor = {Cicero}, keywords = {ancient}, options = {antik}}
@Book{Cic_Cato,author ={Tullius Cicero, Marcus},  title = {Cato maior de senectute }, shorthand = {Cic. Cato}, shortauthor = {Cicero}, keywords = {ancient}, options = {antik}}
@Book{Cic_Cluent,author ={Tullius Cicero, Marcus},  title = {pro A. Cluentio }, shorthand = {Cic. Cluent.}, shortauthor = {Cicero}, keywords = {ancient}, options = {antik}}
@Book{Cic_de_orat,author ={Tullius Cicero, Marcus},  title = {de oratore }, shorthand = {Cic. de orat.}, shortauthor = {Cicero}, keywords = {ancient}, options = {antik}}
@Book{Cic_Deiot,author ={Tullius Cicero, Marcus},  title = {pro rege Deiotaro }, shorthand = {Cic. Deiot.}, shortauthor = {Cicero}, keywords = {ancient}, options = {antik}}
@Book{Cic_div,author ={Tullius Cicero, Marcus},  title = {de divinatione }, shorthand = {Cic. div.}, shortauthor = {Cicero}, keywords = {ancient}, options = {antik}}
@Book{Cic_divin_Caec,author ={Tullius Cicero, Marcus},  title = {divinatio in Q. Caecilium }, shorthand = {Cic. div.in Caec.}, shortauthor = {Cicero}, keywords = {ancient}, options = {antik}}
@Book{Cic_fam,author ={Tullius Cicero, Marcus},  title = {epistulae ad familiares }, shorthand = {Cic. fam.}, shortauthor = {Cicero}, keywords = {ancient}, options = {antik}}
@Book{Cic_fat,author ={Tullius Cicero, Marcus},  title = {de fato }, shorthand = {Cic. fat.}, shortauthor = {Cicero}, keywords = {ancient}, options = {antik}}
@Book{Cic_fin,author ={Tullius Cicero, Marcus},  title = {de finibus bonorum et malorum }, shorthand = {Cic. fin.}, shortauthor = {Cicero}, keywords = {ancient}, options = {antik}}
@Book{Cic_Flacc,author ={Tullius Cicero, Marcus},  title = {pro L. Valerio Flacco }, shorthand = {Cic. Flacc.}, shortauthor = {Cicero}, keywords = {ancient}, options = {antik}}
@Book{Cic_Font,author ={Tullius Cicero, Marcus},  title = {pro M. Fonteio }, shorthand = {Cic. Font.}, shortauthor = {Cicero}, keywords = {ancient}, options = {antik}}
@Book{Cic_har_resp,author ={Tullius Cicero, Marcus},  title = {de haruspicum responso }, shorthand = {Cic. har. resp.}, shortauthor = {Cicero}, keywords = {ancient}, options = {antik}}
@Book{Cic_inv,author ={Tullius Cicero, Marcus},  title = {de inventione }, shorthand = {Cic. inv.}, shortauthor = {Cicero}, keywords = {ancient}, options = {antik}}
@Book{Cic_Lael,author ={Tullius Cicero, Marcus},  title = {Laelius de amicitia }, shorthand = {Cic. Lael.}, shortauthor = {Cicero}, keywords = {ancient}, options = {antik}}
@Book{Cic_leg,author ={Tullius Cicero, Marcus},  title = {de legibus }, shorthand = {Cic. leg.}, shortauthor = {Cicero}, keywords = {ancient}, options = {antik}}
@Book{Cic_leg_agr,author ={Tullius Cicero, Marcus},  title = {de lege agraria }, shorthand = {Cic. leg. agr.}, shortauthor = {Cicero}, keywords = {ancient}, options = {antik}}
@Book{Cic_Lig,author ={Tullius Cicero, Marcus},  title = {pro Q. Ligario }, shorthand = {Cic. Lig.}, shortauthor = {Cicero}, keywords = {ancient}, options = {antik}}
@Book{Cic_Manil,author ={Tullius Cicero, Marcus},  title = {pro lege Manilia (de imperio Cn. Pompei) }, shorthand = {Cic. Manil.}, shortauthor = {Cicero}, keywords = {ancient}, options = {antik}}
@Book{Cic_Marcell,author ={Tullius Cicero, Marcus},  title = {pro M. Marcello }, shorthand = {Cic. Marcell.}, shortauthor = {Cicero}, keywords = {ancient}, options = {antik}}
@Book{Cic_Mil,author ={Tullius Cicero, Marcus},  title = {pro T. Annio Milone }, shorthand = {Cic. Mil.}, shortauthor = {Cicero}, keywords = {ancient}, options = {antik}}
@Book{Cic_Mur,author ={Tullius Cicero, Marcus},  title = {pro L. Murena }, shorthand = {Cic. Mur.}, shortauthor = {Cicero}, keywords = {ancient}, options = {antik}}
@Book{Cic_nat_deor,author ={Tullius Cicero, Marcus},  title = {de natura deorum }, shorthand = {Cic. nat. deor.}, shortauthor = {Cicero}, keywords = {ancient}, options = {antik}}
@Book{Cic_off,author ={Tullius Cicero, Marcus},  title = {de officiis }, shorthand = {Cic. off.}, shortauthor = {Cicero}, keywords = {ancient}, options = {antik}}
@Book{Cic_opt_gen,author ={Tullius Cicero, Marcus},  title = {de optimo genere oratorum }, shorthand = {Cic. opt. gen.}, shortauthor = {Cicero}, keywords = {ancient}, options = {antik}}
@Book{Cic_orat,author ={Tullius Cicero, Marcus},  title = {orator }, shorthand = {Cic. orat.}, shortauthor = {Cicero}, keywords = {ancient}, options = {antik}}
@Book{Cic_parad,author ={Tullius Cicero, Marcus},  title = {paradoxa }, shorthand = {Cic. parad.}, shortauthor = {Cicero}, keywords = {ancient}, options = {antik}}
@Book{Cic_part,author ={Tullius Cicero, Marcus},  title = {partitiones oratoriae }, shorthand = {Cic. part.}, shortauthor = {Cicero}, keywords = {ancient}, options = {antik}}
@Book{Cic_Phil,author ={Tullius Cicero, Marcus},  title = {in M. Antonium orationes Philippicae }, shorthand = {Cic. Phil.}, shortauthor = {Cicero}, keywords = {ancient}, options = {antik}}
@Book{Cic_Pis,author ={Tullius Cicero, Marcus},  title = {in L. Pisonem }, shorthand = {Cic. Pis.}, shortauthor = {Cicero}, keywords = {ancient}, options = {antik}}
@Book{Cic_Planc,author ={Tullius Cicero, Marcus},  title = {pro Cn. Plancio }, shorthand = {Cic. Planc.}, shortauthor = {Cicero}, keywords = {ancient}, options = {antik}}
@Book{Cic_predad_Quir,author ={Tullius Cicero, Marcus},  title = {oratio post reditum ad Quirites }, shorthand = {Cic. p.red.ad Quir.}, shortauthor = {Cicero}, keywords = {ancient}, options = {antik}}
@Book{Cic_predin_sen,author ={Tullius Cicero, Marcus},  title = {oratio post reditum in senatu }, shorthand = {Cic. p.red.in sen.}, shortauthor = {Cicero}, keywords = {ancient}, options = {antik}}
@Book{Cic_Q_Rosc,author ={Tullius Cicero, Marcus},  title = {pro Q. Roscio comoedo }, shorthand = {Cic. Q. Rosc.}, shortauthor = {Cicero}, keywords = {ancient}, options = {antik}}
@Book{Cic_Quinct,author ={Tullius Cicero, Marcus},  title = {pro P. Quinctio }, shorthand = {Cic. Quinct.}, shortauthor = {Cicero}, keywords = {ancient}, options = {antik}}
@Book{Cic_Rab_perd,author ={Tullius Cicero, Marcus},  title = {pro C. Rabirioperduellionis reo }, shorthand = {Cic. Rab. perd.}, shortauthor = {Cicero}, keywords = {ancient}, options = {antik}}
@Book{Cic_Rab_post,author ={Tullius Cicero, Marcus},  title = {pro C. Rabirio Postumo }, shorthand = {Cic. Rab post.}, shortauthor = {Cicero}, keywords = {ancient}, options = {antik}}
@Book{Cic_rep,author ={Tullius Cicero, Marcus},  title = {de re publica }, shorthand = {Cic. rep.}, shortauthor = {Cicero}, keywords = {ancient}, options = {antik}}
@Book{Cic_S_Rosc,author ={Tullius Cicero, Marcus},  title = {pro Sex. Roscio Amerino }, shorthand = {Cic. S. Rosc.}, shortauthor = {Cicero}, keywords = {ancient}, options = {antik}}
@Book{Cic_Scaur,author ={Tullius Cicero, Marcus},  title = {pro M. Aemilio Scauro }, shorthand = {Cic. Scaur.}, shortauthor = {Cicero}, keywords = {ancient}, options = {antik}}
@Book{Cic_Sest,author ={Tullius Cicero, Marcus},  title = {pro P. Sestio }, shorthand = {Cic. Sest.}, shortauthor = {Cicero}, keywords = {ancient}, options = {antik}}
@Book{Cic_Sull,author ={Tullius Cicero, Marcus},  title = {pro P. Sulla }, shorthand = {Cic. Sull.}, shortauthor = {Cicero}, keywords = {ancient}, options = {antik}}
@Book{Cic_Tim,author ={Tullius Cicero, Marcus},  title = {Timaeus }, shorthand = {Cic. Tim.}, shortauthor = {Cicero}, keywords = {ancient}, options = {antik}}
@Book{Cic_top,author ={Tullius Cicero, Marcus},  title = {topica }, shorthand = {Cic. top.}, shortauthor = {Cicero}, keywords = {ancient}, options = {antik}}
@Book{Cic_Tull,author ={Tullius Cicero, Marcus},  title = {pro M.Tullio }, shorthand = {Cic. Tull.}, shortauthor = {Cicero}, keywords = {ancient}, options = {antik}}
@Book{Cic_Tusc,author ={Tullius Cicero, Marcus},  title = {Tusculanae disputationes }, shorthand = {Cic. Tusc.}, shortauthor = {Cicero}, keywords = {ancient}, options = {antik}}
@Book{Cic_Vatin,author ={Tullius Cicero, Marcus},  title = {in P. Vatinium testem interrogatio }, shorthand = {Cic. Vatin.}, shortauthor = {Cicero}, keywords = {ancient}, options = {antik}}
@Book{Cic_Verr_1_2,author ={Tullius Cicero, Marcus},  title = {in Verrem actio prima, secunda }, shorthand = {Cic. Verr. 1,2}, shortauthor = {Cicero}, keywords = {ancient}, options = {antik}}
@Book{Claud_carm,author ={Claudius Claudianus},  title = {carmina }, shorthand = {Claud. carm.}, shortauthor = {Claudius Claudianus}, keywords = {ancient}, options = {antik}}
@Book{Claud_rapt_Pros,author ={Claudius Claudianus},  title = {de raptu Proserpinae }, shorthand = {Claud. rapt. Pros.}, shortauthor = {Claudius Claudianus}, keywords = {ancient}, options = {antik}}
@Book{Cod_Iust,author ={},  title = {Corpus Iuris Civilis, Codex Iustinianus }, shorthand = { Cod. Iust.}, shortauthor = {}, keywords = {ancient}, options = {antik}}
@Book{Colum,author ={Iunius Moderatus Columella, Lucius},  title = { }, shorthand = {Colum.}, shortauthor = {Columella}, keywords = {ancient}, options = {antik}}
@Book{Curt,author ={ Curtius Rufus,Quintus},  title = {historiae Alexandri Magni }, shorthand = {Curt.}, shortauthor = {Curtius Rufus}, keywords = {ancient}, options = {antik}}
@Book{Cypr,author ={{Cyprianus}},  title = { }, shorthand = {Cypr.}, shortauthor = {Cyprianus}, keywords = {ancient}, options = {antik}}
@Book{Demokr,author ={{Demokrit}},  title = { }, shorthand = {Demokr.}, shortauthor = {Demokrit}, keywords = {ancient}, options = {antik}}
@Book{Demosth_or,author ={Demosthenes},  title = {orationes }, shorthand = {Demosth. or.}, shortauthor = {Demosthenes}, keywords = {ancient}, options = {antik}}
@Book{Dig,author ={},  title = {Corpus Iuris Civilis, Digesta (Pandekten. }, shorthand = { Dig.}, shortauthor = {}, keywords = {ancient}, options = {antik}}
@Book{Diod,author ={{Diodorus Siculus}},  title = { }, shorthand = {Diod.}, shortauthor = {Diodorus Siculus}, keywords = {ancient}, options = {antik}}
@Book{Diog_Laert,author ={{Diogenes Laertios}},  title = { }, shorthand = {Diog. Laert.}, shortauthor = {Diogenes Laertios}, keywords = {ancient}, options = {antik}}
@Book{Dion_Chrys,author ={{Dion Chrysostomos}},  title = {Orationes }, shorthand = {Dion Chrys.}, shortauthor = {Dion Chrysostomos}, keywords = {ancient}, options = {antik}}
@Book{Dion_Hal_ant,author ={{Dionysios Halicarnassos}},  title = {antiquitates Romanae }, shorthand = {Dion. Hal. ant.}, shortauthor = {Dionysios von Halikarnassos}, keywords = {ancient}, options = {antik}}
@Book{Dion_Hal_comp,author ={{Dionysios Halicarnassos}},  title = {de compositione verborum }, shorthand = {Dion. Hal. comp.}, shortauthor = {Dionysios von Halikarnassos}, keywords = {ancient}, options = {antik}}
@Book{Dion_Hal_rhet,author ={{Dionysios Halicarnassos}},  title = {ars rhetorica       . }, shorthand = {Dion. Hal. rhet.}, shortauthor = {Dionysios von Halikarnassos}, keywords = {ancient}, options = {antik}}
@Book{Don,author ={{Donatus grammaticus}},  title = { }, shorthand = {Don.}, shortauthor = {Donatus grammaticus}, keywords = {ancient}, options = {antik}}
@Book{Drac,author ={{Dracontius}},  title = { }, shorthand = {Drac.}, shortauthor = {Dracontius}, keywords = {ancient}, options = {antik}}
@Book{Dt,author ={ Aemilius Dracontius, Blossius},  title = {Deuteronomium (= 5. Mose) }, shorthand = {Dt.}, shortauthor = {Deuteronomium (= 5. Mose)}, keywords = {ancient}, options = {antik}}
@Book{Emp,author ={{Empedokles}},  title = { }, shorthand = {Emp.}, shortauthor = {Empedokles}, keywords = {ancient}, options = {antik}}
@Book{Enn_ann,author ={{Ennius}},  title = {Annales (Skutsch, 1985) }, shorthand = {Enn. ann.}, shortauthor = {Ennius}, keywords = {ancient}, options = {antik}}
@Book{Enn_sat,author ={{Ennius}},  title = {Saturae, (Vahlen, 21928) }, shorthand = {Enn. sat.}, shortauthor = {Ennius}, keywords = {ancient}, options = {antik}}
@Book{Enn_scaen,author ={{Ennius}},  title = {fragmenta scenica (Vahlen, 21928) }, shorthand = {Enn. scaen.}, shortauthor = {Ennius}, keywords = {ancient}, options = {antik}}
@Book{Ennod,author ={{Ennodius}},  title = { }, shorthand = {Ennod.}, shortauthor = {Ennodius}, keywords = {ancient}, options = {antik}}
@Book{Ep,author ={{Epheserbrief}},  title = {Epheserbrief }, shorthand = {Ep}, shortauthor = {Epheserbrief}, keywords = {ancient}, options = {antik}}
@Book{Epik,author ={{Epikuros}},  title = { }, shorthand = {Epik.}, shortauthor = {Epikuros}, keywords = {ancient}, options = {antik}}
@Book{Epikt,author ={{Epiktetos}},  title = { }, shorthand = {Epikt.}, shortauthor = {Epiktetos}, keywords = {ancient}, options = {antik}}
@Book{Etym_m,author ={},  title = {Etymologicum magnum (Gaisford) }, shorthand = {Etym. m.}, shortauthor = {Etymologicum magnum (Gaisford)}, keywords = {ancient}, options = {antik}}
@Book{Eukl_elem.,author ={{Eukleides}},  title = {elementa }, shorthand = {Eukl. elem.}, shortauthor = {Eukleides}, keywords = {ancient}, options = {antik}}
@Book{Eur_Alc,author ={Euripides},  title = {Alcestis }, shorthand = {Eur. Alc.}, shortauthor = {Euripides}, keywords = {ancient}, options = {antik}}
@Book{Eur_Andr,author ={Euripides},  title = {Andromache }, shorthand = {Eur. Andr.}, shortauthor = {Euripides}, keywords = {ancient}, options = {antik}}
@Book{Eur_Bacch,author ={Euripides},  title = {Bacchae }, shorthand = {Eur. Bacch.}, shortauthor = {Euripides}, keywords = {ancient}, options = {antik}}
@Book{Eur_Cycl,author ={Euripides},  title = {Cyclops }, shorthand = {Eur. Cycl.}, shortauthor = {Euripides}, keywords = {ancient}, options = {antik}}
@Book{Eur_El,author ={Euripides},  title = {Electra }, shorthand = {Eur. El.}, shortauthor = {Euripides}, keywords = {ancient}, options = {antik}}
@Book{Eur_Hec,author ={Euripides},  title = {Hecuba (Hekabe) }, shorthand = {Eur. Hec.}, shortauthor = {Euripides}, keywords = {ancient}, options = {antik}}
@Book{Eur_Hel,author ={Euripides},  title = {Helena }, shorthand = {Eur. Hel.}, shortauthor = {Euripides}, keywords = {ancient}, options = {antik}}
@Book{Eur_Heracl,author ={Euripides},  title = {Heraclidae }, shorthand = {Eur. Heracl.}, shortauthor = {Euripides}, keywords = {ancient}, options = {antik}}
@Book{Eur_Herc,author ={Euripides},  title = {Hercules (furens) }, shorthand = {Eur. Herc.}, shortauthor = {Euripides}, keywords = {ancient}, options = {antik}}
@Book{Eur_Hipp,author ={Euripides},  title = {Hippolytos }, shorthand = {Eur. Hipp.}, shortauthor = {Euripides}, keywords = {ancient}, options = {antik}}
@Book{Eur_Ion,author ={Euripides},  title = {Ion }, shorthand = {Eur. Ion}, shortauthor = {Euripides}, keywords = {ancient}, options = {antik}}
@Book{Eur_Iph_A,author ={Euripides},  title = {Iphigenia Aulidensis }, shorthand = {Eur. Iph. A.}, shortauthor = {Euripides}, keywords = {ancient}, options = {antik}}
@Book{Eur_Iph_T,author ={Euripides},  title = {Iphigenia Taurica }, shorthand = {Eur. Iph. T.}, shortauthor = {Euripides}, keywords = {ancient}, options = {antik}}
@Book{Eur_Med,author ={Euripides},  title = {Medea }, shorthand = {Eur. Med.}, shortauthor = {Euripides}, keywords = {ancient}, options = {antik}}
@Book{Eur_Or,author ={Euripides},  title = {Orestes }, shorthand = {Eur. Or.}, shortauthor = {Euripides}, keywords = {ancient}, options = {antik}}
@Book{Eur_Phoen,author ={Euripides},  title = {Phoenissae }, shorthand = {Eur. Phoen.}, shortauthor = {Euripides}, keywords = {ancient}, options = {antik}}
@Book{Eur_Rhes,author ={Euripides},  title = {Rhesus }, shorthand = {Eur. Rhes.}, shortauthor = {Euripides}, keywords = {ancient}, options = {antik}}
@Book{Eur_Suppl,author ={Euripides},  title = {Supplices (ἱκέτιδες) }, shorthand = {Eur. Suppl.}, shortauthor = {Euripides}, keywords = {ancient}, options = {antik}}
@Book{Eur_Tro,author ={Euripides},  title = {Troades }, shorthand = {Eur. Tro.}, shortauthor = {Euripides}, keywords = {ancient}, options = {antik}}
@Book{Eus_De_Ev,author ={Eusebios},  title = {Demonstratio Evangelica }, shorthand = {Eus. De. Ev.}, shortauthor = {Eusebios}, keywords = {ancient}, options = {antik}}
@Book{Eus_HE,author ={Eusebios},  title = {Historia Ecclesiastica }, shorthand = {Eus. HE}, shortauthor = {Eusebios}, keywords = {ancient}, options = {antik}}
@Book{Eus_On,author ={Eusebios},  title = {Onomastikon }, shorthand = {Eus. On.}, shortauthor = {Eusebios}, keywords = {ancient}, options = {antik}}
@Book{Eus_Pr_Ev,author ={Eusebios},  title = {Praeparatio Evangelica }, shorthand = {Eus. Pr. Ev.}, shortauthor = {Eusebios}, keywords = {ancient}, options = {antik}}
@Book{Eust,author ={{Eustathios}},  title = { }, shorthand = {Eust.}, shortauthor = {Eustathios}, keywords = {ancient}, options = {antik}}
@Book{Eutr,author ={{Eutropius}},  title = { }, shorthand = {Eutr.}, shortauthor = {Eutropius}, keywords = {ancient}, options = {antik}}
@Book{Fest,author ={Pompeius Festus, {Sex}tus},  title = { }, shorthand = {Fest.}, shortauthor = {Festus}, keywords = {ancient}, options = {antik}}
@Book{Flor_epit,author ={Annius Florus, Publius},  title = {epitoma de Tito Livio }, shorthand = {Flor.  epit.}, shortauthor = {Florus}, keywords = {ancient}, options = {antik}}
@Book{Frontin_aqu_strat,author ={Frontinus},  title = {de aquae ductu urbis Romae strategemata }, shorthand = {Frontin. aqu. strat.}, shortauthor = {Frontin}, keywords = {ancient}, options = {antik}}
@Book{Fulg,author ={{Fulgentius Afer}},  title = { }, shorthand = {Fulg.}, shortauthor = {Fulgentius Afer}, keywords = {ancient}, options = {antik}}
@Book{Ga,author ={{Galaterbrief}},  title = {Galaterbrief }, shorthand = {Ga.}, shortauthor = {Galaterbrief}, keywords = {ancient}, options = {antik}}
@Book{Gal,author ={ Aelius Galenus },  title = { }, shorthand = {Gal.}, shortauthor = {Galen}, keywords = {ancient}, options = {antik}}
@Book{Gell,author ={Aulus Gellius},  title = {noctes Atticae }, shorthand = {Gell.}, shortauthor = {Gellius}, keywords = {ancient}, options = {antik}}
@Book{Gorg,author ={{Gorgias}},  title = { }, shorthand = {Gorg.}, shortauthor = {Gorgias}, keywords = {ancient}, options = {antik}}
@Book{Greg_M_dial,author ={{Gregorius Magnus}},  title = {dialogi (de miraculis patrum Italicorum) }, shorthand = {Greg. M. dial.}, shortauthor = {Gregorius Magnus}, keywords = {ancient}, options = {antik}}
@Book{Greg_M_epist,author ={{Gregorius Magnus}},  title = {epistulae }, shorthand = {Greg. M. epist.}, shortauthor = {Gregorius Magnus}, keywords = {ancient}, options = {antik}}
@Book{Greg_M_past,author ={{Gregorius Magnus}},  title = {regula pastoralis }, shorthand = {Greg. M. past.}, shortauthor = {Gregorius Magnus}, keywords = {ancient}, options = {antik}}
@Book{Greg_Naz_epist,author ={{Gregorius Nazianzienus}},  title = {epistulae }, shorthand = {Greg. Naz. epist.}, shortauthor = {Gregorius Nazianzienus}, keywords = {ancient}, options = {antik}}
@Book{Greg_Naz_or,author ={{Gregorius Nazianzienus}},  title = {orationes }, shorthand = {Greg. Naz. or.}, shortauthor = {Gregorius Nazianzienus}, keywords = {ancient}, options = {antik}}
@Book{Greg_Nyss,author ={{Gregorius Nyssenus}},  title = { }, shorthand = {Greg. Nyss.}, shortauthor = {Gregorius Nyssenus}, keywords = {ancient}, options = {antik}}
@Book{Greg_Tur_Franc,author ={{Gregorius von Tours}},  title = {historia Francorum }, shorthand = {Greg. Tur. Franc.}, shortauthor = {Gregorius von Tours}, keywords = {ancient}, options = {antik}}
@Book{Greg_Tur_Mart,author ={{Gregorius von Tours}},  title = {de virtutibus Martini }, shorthand = {Greg. Tur. Mart.}, shortauthor = {Gregorius von Tours}, keywords = {ancient}, options = {antik}}
@Book{Greg_Tur_vit_patr,author ={{Gregorius von Tours}},  title = {de vita patrum }, shorthand = {Greg. Tur. vit. patr.}, shortauthor = {Gregorius von Tours}, keywords = {ancient}, options = {antik}}
@Book{Hdt,author ={{Herodot}},  title = { }, shorthand = {Hdt.}, shortauthor = {Herodot}, keywords = {ancient}, options = {antik}}
@Book{Hekat,author ={{Hekataios}},  title = { }, shorthand = {Hekat.}, shortauthor = {Hekataios}, keywords = {ancient}, options = {antik}}
@Book{Herakl,author ={{Herakleitos}},  title = { }, shorthand = {Herakl.}, shortauthor = {Herakleitos}, keywords = {ancient}, options = {antik}}
@Book{Herakl_Pont,author ={{Herakleides Pontikos}},  title = { }, shorthand = {Herakl. Pont.}, shortauthor = {Herakleides Pontikos}, keywords = {ancient}, options = {antik}}
@Book{Herc_O,author ={Annaeus Seneca, Lucius},  title = {Hercules Oetaeus }, shorthand = { Herc. O.}, shortauthor = {Seneca minor}, keywords = {ancient}, options = {antik}}
@Book{Herm_Trism,author ={{Hermes Trismegistos}},  title = { }, shorthand = {Herm. Trism.}, shortauthor = {Hermes Trismegistos}, keywords = {ancient}, options = {antik}}
@Book{Herodian,author ={{Herodianos}},  title = { }, shorthand = {Herodian.}, shortauthor = {Herodianos}, keywords = {ancient}, options = {antik}}
@Book{Hes_cat,author ={{Hesiodos}},  title = {Catalogues feminarum (ἠοίαι) }, shorthand = {Hes. cat.}, shortauthor = {Hesiodos}, keywords = {ancient}, options = {antik}}
@Book{Hes_erg,author ={{Hesiodos}},  title = {opera et dies (ἔργα καὶ ἡμέραι) }, shorthand = {Hes. erg.}, shortauthor = {Hesiodos}, keywords = {ancient}, options = {antik}}
@Book{Hes_scut,author ={{Hesiodos}},  title = {scutum (ἀσπίς) }, shorthand = {Hes. scut.}, shortauthor = {Hesiodos}, keywords = {ancient}, options = {antik}}
@Book{Hes_theog,author ={{Hesiodos}},  title = {Theogonia }, shorthand = {Hes. theog.}, shortauthor = {Hesiodos}, keywords = {ancient}, options = {antik}}
@Book{Hesych,author ={{Hesychios}},  title = { }, shorthand = {Hesych.}, shortauthor = {Hesychios}, keywords = {ancient}, options = {antik}}
@Book{Hier_chron,author ={{Hieronymos}},  title = {chronicon }, shorthand = {Hier. chron.}, shortauthor = {Hieronymos}, keywords = {ancient}, options = {antik}}
@Book{Hier_commin_Ez,author ={{Hieronymos}},  title = {commentaria in Ezechielem (PL 25) }, shorthand = {Hier. comm.in Ez}, shortauthor = {Hieronymos}, keywords = {ancient}, options = {antik}}
@Book{Hier_epist,author ={{Hieronymos}},  title = {epistulae }, shorthand = {Hier. epist.}, shortauthor = {Hieronymos}, keywords = {ancient}, options = {antik}}
@Book{Hier_On,author ={{Hieronymos}},  title = {Onomastikon }, shorthand = {Hier. On.}, shortauthor = {Hieronymos}, keywords = {ancient}, options = {antik}}
@Book{Hier_vir_ill,author ={{Hieronymos}},  title = {de viris illustribus }, shorthand = {Hier. vir. ill.}, shortauthor = {Hieronymos}, keywords = {ancient}, options = {antik}}
@Book{Hippokr,author ={{Hippokrates}},  title = { }, shorthand = {Hippokr.}, shortauthor = {Hippokrates}, keywords = {ancient}, options = {antik}}
@Book{HL,author ={Hohelied},  title = {Hohelied }, shorthand = {HL}, shortauthor = {Hohelied}, keywords = {ancient}, options = {antik}}
@Book{Hom_h,author ={Homeros},  title = {Hymni Homeri }, shorthand = {Hom. h.}, shortauthor = {Homer}, keywords = {ancient}, options = {antik}}
@Book{Hom_Il,author ={Homeros},  title = {Ilias }, shorthand = {Hom. Il.}, shortauthor = {Homer}, keywords = {ancient}, options = {antik}}
@Book{Hom_Od,author ={Homeros},  title = {Odyssee }, shorthand = {Hom. Od.}, shortauthor = {Homer}, keywords = {ancient}, options = {antik}}
@Book{Hor_ars,author ={Horatius Flaccus, Quintus},  title = {ars poetica }, shorthand = {Hor. ars}, shortauthor = {Horaz}, keywords = {ancient}, options = {antik}}
@Book{Hor_carm,author ={Horatius Flaccus, Quintus},  title = {carmina }, shorthand = {Hor. carm.}, shortauthor = {Horaz}, keywords = {ancient}, options = {antik}}
@Book{Hor_carm_saec,author ={Horatius Flaccus, Quintus},  title = {carmen saeculare }, shorthand = {Hor. carm. saec.}, shortauthor = {Horaz}, keywords = {ancient}, options = {antik}}
@Book{Hor_epist,author ={Horatius Flaccus, Quintus},  title = {epistulae }, shorthand = {Hor. epist.}, shortauthor = {Horaz}, keywords = {ancient}, options = {antik}}
@Book{Hor_epod,author ={Horatius Flaccus, Quintus},  title = {epodi }, shorthand = {Hor. epod.}, shortauthor = {Horaz}, keywords = {ancient}, options = {antik}}
@Book{Hor_sat,author ={Horatius Flaccus, Quintus},  title = {saturae (sermones) }, shorthand = {Hor. sat.}, shortauthor = {Horaz}, keywords = {ancient}, options = {antik}}
@Book{Hyg_astr,author ={{Hygin}},  title = {astronomica }, shorthand = {Hyg. astr.}, shortauthor = {Hygin}, keywords = {ancient}, options = {antik}}
@Book{Hyg_fab,author ={{Hygin}},  title = {fabulae }, shorthand = {Hyg. fab.}, shortauthor = {Hygin}, keywords = {ancient}, options = {antik}}
@Book{Iambl_de_myst,author ={{Iamblichos}},  title = {de mysteriis }, shorthand = {Iambl. de myst.}, shortauthor = {Iamblichos}, keywords = {ancient}, options = {antik}}
@Book{Iambl_protr,author ={{Iamblichos}},  title = {protrepticus in philosophiam }, shorthand = {Iambl. protr.}, shortauthor = {Iamblichos}, keywords = {ancient}, options = {antik}}
@Book{Iambl_v_P,author ={{Iamblichos}},  title = {de vita Pythagorica }, shorthand = {Iambl. v. P.}, shortauthor = {Iamblichos}, keywords = {ancient}, options = {antik}}
@Book{Inst_Iust,author ={},  title = {Corpus Iuris Civilis, Institutiones }, shorthand = { Inst. Iust.}, shortauthor = {}, keywords = {ancient}, options = {antik}}
@Book{Ios_Ant_Iud,author ={{Flavius Josephus}},  title = {antiquitates Iudaicae }, shorthand = {Ios. Ant. Iud.}, shortauthor = {Flavius Josephus}, keywords = {ancient}, options = {antik}}
@Book{Ios_Bell_Iud,author ={{Iosephos (Flavius Iosephus)}},  title = {bellum Iudaicum }, shorthand = {Ios. Bell. Iud.}, shortauthor = {Iosephos (Flavius Iosephus)}, keywords = {ancient}, options = {antik}}
@Book{Ios_c_Ap,author ={{Iosephos (Flavius Iosephus)}},  title = {contra Apionem }, shorthand = {Ios. c. Ap.}, shortauthor = {Iosephos (Flavius Iosephus)}, keywords = {ancient}, options = {antik}}
@Book{Ios_vita,author ={{Iosephos (Flavius Iosephus)}},  title = {de sua vita }, shorthand = {Ios. vita}, shortauthor = {Iosephos (Flavius Iosephus)}, keywords = {ancient}, options = {antik}}
@Book{Isid_nat,author ={{Isidorus von Sevilla}},  title = {de natura rerum }, shorthand = {Isid. nat.}, shortauthor = {Isidorus von Sevilla}, keywords = {ancient}, options = {antik}}
@Book{Isid_orig,author ={{Isidorus von Sevilla}},  title = {origines (etymologiae) }, shorthand = {Isid. orig.}, shortauthor = {Isidorus von Sevilla}, keywords = {ancient}, options = {antik}}
@Book{Isokr_or,author ={{Isokrates}},  title = {orationes }, shorthand = {Isokr. or.}, shortauthor = {Isokrates}, keywords = {ancient}, options = {antik}}
@Book{Itin_Anton,author ={},  title = {Itinerarium Antonini }, shorthand = { Itin. Anton.}, shortauthor = {}, keywords = {ancient}, options = {antik}}
@Book{Iul_epist,author ={{Iulian}},  title = {epistulae }, shorthand = {Iul. epist.}, shortauthor = {Iulian}, keywords = {ancient}, options = {antik}}
@Book{Iul_in_Gal,author ={{Iulian}},  title = {in Galilaeos }, shorthand = {Iul. in Gal.}, shortauthor = {Iulian}, keywords = {ancient}, options = {antik}}
@Book{Iul_mis,author ={{Iulian}},  title = {Misopogon }, shorthand = {Iul. mis.}, shortauthor = {Iulian}, keywords = {ancient}, options = {antik}}
@Book{Iul_or,author ={{Iulian}},  title = {orationes }, shorthand = {Iul. or.}, shortauthor = {Iulian}, keywords = {ancient}, options = {antik}}
@Book{Iul_symp,author ={{Iulian}},  title = {symposion }, shorthand = {Iul. symp.}, shortauthor = {Iulian}, keywords = {ancient}, options = {antik}}
@Book{Iul_Vict_Rhet,author ={Iulius Victor, Caius},  title = {ars rhetorica }, shorthand = {Iul. Vict. Rhet.}, shortauthor = {C. Iulius Victor}, keywords = {ancient}, options = {antik}}
@Book{Iust,author ={{Iustinus}},  title = {epitoma historiarum Philippicarum }, shorthand = {Iust.}, shortauthor = {Iustinus}, keywords = {ancient}, options = {antik}}
@Book{Iuv_sat,author ={Iunius Iuvenalis, Decimus},  title = {saturae }, shorthand = {Iuv.}, shortauthor = {Iuvenal}, keywords = {ancient}, options = {antik}}
@Book{Iuvenc,author ={Vettius Aquilinus Juvencus, Caius },  title = {evangelia }, shorthand = {Iuvenc.}, shortauthor = {Iuvencus}, keywords = {ancient}, options = {antik}}
@Book{Jo,author ={{Johannes}},  title = { }, shorthand = {Jo}, shortauthor = {Johannes}, keywords = {ancient}, options = {antik}}
@Book{Kall_epigr,author ={{Kallimachos}},  title = {Epigrammata }, shorthand = {Kall. epigr.}, shortauthor = {Kallimachos}, keywords = {ancient}, options = {antik}}
@Book{Kall_frg,author ={{Kallimachos}},  title = {fragmentum }, shorthand = {Kall. frg.}, shortauthor = {Kallimachos}, keywords = {ancient}, options = {antik}}
@Book{Kall_h,author ={{Kallimachos}},  title = {hymni }, shorthand = {Kall. h.}, shortauthor = {Kallimachos}, keywords = {ancient}, options = {antik}}
@Book{Lact_inst,author ={ Caecilius Firmianus, Lucius},  title = {divinae institutiones }, shorthand = {Lact. inst.}, shortauthor = {Laktanz}, keywords = {ancient}, options = {antik}}
@Book{Lact_ira,author ={ Caecilius Firmianus, Lucius},  title = {de ira dei }, shorthand = {Lact. ira}, shortauthor = {Laktanz}, keywords = {ancient}, options = {antik}}
@Book{Lact_mort_pers,author ={ Caecilius Firmianus, Lucius},  title = {de mortibus persecutorum }, shorthand = {Lact. mort. pers.}, shortauthor = {Laktanz}, keywords = {ancient}, options = {antik}}
@Book{Lact_opif,author ={ Caecilius Firmianus, Lucius},  title = {de opificio dei }, shorthand = {Lact. opif.}, shortauthor = {Laktanz}, keywords = {ancient}, options = {antik}}
@Book{Liv,author ={Livius, Titus},  title = {ab urbe condita }, shorthand = {Liv.}, shortauthor = {Livius}, keywords = {ancient}, options = {antik}}
@Book{Lk,author ={Lukas},  title = { }, shorthand = {Lk}, shortauthor = {Lukas}, keywords = {ancient}, options = {antik}}
@Book{Lucan,author ={ Annaeus Lucanus, Marcus},  title = {bellum civile }, shorthand = {Lucan.}, shortauthor = {Lukan}, keywords = {ancient}, options = {antik}}
@Book{Lucil,author ={Caius Lucilius},  title = {saturae }, shorthand = {Lucil.}, shortauthor = {Lucilius}, keywords = {ancient}, options = {antik}}
@Book{Lucr,author ={Lucretius Carus, Titus},  title = {de rerum natura }, shorthand = {Lucr.}, shortauthor = {Lukrez}, keywords = {ancient}, options = {antik}}
@Book{Lukian,author ={(Lukian von Samosata)},  title = { }, shorthand = {Lukian.}, shortauthor = {Lukian}, keywords = {ancient}, options = {antik}}
@Book{LXX,author ={},  title = {Septuaginta }, shorthand = {LXX}, shortauthor = {Septuaginta}, keywords = {ancient}, options = {antik}}
@Book{Lyd_mag,author ={{Lydos}},  title = {de magistratibus }, shorthand = {Lyd. mag.}, shortauthor = {Lydos}, keywords = {ancient}, options = {antik}}
@Book{Lyd_mens,author ={{Lydos}},  title = {de mensibus }, shorthand = {Lyd. mens.}, shortauthor = {Lydos}, keywords = {ancient}, options = {antik}}
@Book{Lykurg,author ={Lykurgos},  title = { }, shorthand = {Lykurg.}, shortauthor = {Lykurg}, keywords = {ancient}, options = {antik}}
@Book{Lys,author ={{Lysias}},  title = { }, shorthand = {Lys.}, shortauthor = {Lysias}, keywords = {ancient}, options = {antik}}
@Book{M_Aur,author ={ Aurelius Antonius Augustus, Marcus},  title = { }, shorthand = {M. Aur.}, shortauthor = { Aurelius Antonius Augustus, Marcus}, keywords = {ancient}, options = {antik}}
@Book{Macr_Sat,author ={ Ambrosius Theodosius, Macrobius},  title = {Saturnalia }, shorthand = {Macr. Sat.}, shortauthor = {Macrobius}, keywords = {ancient}, options = {antik}}
@Book{Manil,author ={Marcus Manilius},  title = {astronomica }, shorthand = {Manil.}, shortauthor = {Manilius}, keywords = {ancient}, options = {antik}}
@Book{Mar_Victorin,author ={Marius Victorinus},  title = { }, shorthand = {Mar. Victorin.}, shortauthor = {{Marius Victorinus}}, keywords = {ancient}, options = {antik}}
@Book{Mart,author ={Valerius Martialis, Marcus},  title = {Epigrammata }, shorthand = {Mart.}, shortauthor = {Martial}, keywords = {ancient}, options = {antik}}
@Book{Mart_Cap,author ={ Min(n)e(i)us Felix Capella, Martianus},  title = { }, shorthand = {Mart. Cap.}, shortauthor = {Martianus Capella}, keywords = {ancient}, options = {antik}}
@Book{Mart_spect,author ={Valerius Martialis, Marcus},  title = {spectacula }, shorthand = {Mart. spect.}, shortauthor = {Martial}, keywords = {ancient}, options = {antik}}
@Book{Mel,author ={{Pomponius Mela}},  title = { }, shorthand = {Mel.}, shortauthor = {Pomponius Mela}, keywords = {ancient}, options = {antik}}
@Book{Men_Dysk,author ={{Menander}},  title = {Dyskolo. }, shorthand = {Men. Dysk.}, shortauthor = {Menander}, keywords = {ancient}, options = {antik}}
@Book{Men_Epitr,author ={{Menander}},  title = {Epitrepontes }, shorthand = {Men. Epitr.}, shortauthor = {Menander}, keywords = {ancient}, options = {antik}}
@Book{Men_Sam,author ={{Menander}},  title = {Samia }, shorthand = {Men. Sam.}, shortauthor = {Menander}, keywords = {ancient}, options = {antik}}
@Book{Mimn,author ={{Mimnermos von Kolophon}},  title = { }, shorthand = {Mimn.}, shortauthor = {Mimnermos}, keywords = {ancient}, options = {antik}}
@Book{Min_Fel,author ={Minucius Felix, Marcus},  title = { }, shorthand = {Min. Fel.}, shortauthor = {{Minucius Felix}}, keywords = {ancient}, options = {antik}}
@Book{Mk,author ={},  title = {Markus }, shorthand = {Mk}, shortauthor = {Markus}, keywords = {ancient}, options = {antik}}
@Book{Mosch,author ={{Moschos}},  title = { }, shorthand = {Mosch.}, shortauthor = {Moschos}, keywords = {ancient}, options = {antik}}
@Book{Mt,author ={},  title = {Matthäus }, shorthand = {Mt}, shortauthor = {Matthäus}, keywords = {ancient}, options = {antik}}
@Book{Naev,author ={{Naevius}},  title = { }, shorthand = {Naev.}, shortauthor = {Naevius}, keywords = {ancient}, options = {antik}}
@Book{Nep_Att,author ={{Cornelius Nepos}},  title = {Atticus }, shorthand = {Nep. Att.}, shortauthor = {Cornelius Nepos}, keywords = {ancient}, options = {antik}}
@Book{Nep_Hann,author ={{Cornelius Nepos}},  title = {Hannibal }, shorthand = {Nep. Hann.}, shortauthor = {Cornelius Nepos}, keywords = {ancient}, options = {antik}}
@Book{Nik_Alex,author ={{Nikander}},  title = {Alexipharmaka }, shorthand = {Nik. Alex.}, shortauthor = {Nikander}, keywords = {ancient}, options = {antik}}
@Book{Nik_Ther,author ={{Nikander}},  title = {Theriaka }, shorthand = {Nik. Ther.}, shortauthor = {Nikander}, keywords = {ancient}, options = {antik}}
@Book{Nm,author ={},  title = {Numeri (= 4. Mose) }, shorthand = {Nm}, shortauthor = {Numeri (= 4. Mose)}, keywords = {ancient}, options = {antik}}
@Book{Non,author ={{Nonius}},  title = { }, shorthand = {Non.}, shortauthor = {Nonius}, keywords = {ancient}, options = {antik}}
@Book{Nonn_Dion,author ={{Dion.}},  title = { }, shorthand = {Nonn.  Dion.}, shortauthor = {Dion.}, keywords = {ancient}, options = {antik}}
@Book{Nov,author ={},  title = {Corpus Iuris Civilis, Leges Novellae }, shorthand = { Nov.}, shortauthor = {}, keywords = {ancient}, options = {antik}}
@Book{Orig,author ={{Origines}},  title = { }, shorthand = {Orig.}, shortauthor = {Origines}, keywords = {ancient}, options = {antik}}
@Book{Oros,author ={Ovidius Naso, Publius},  title = { }, shorthand = {Oros..}, shortauthor = {Orosius}, keywords = {ancient}, options = {antik}}
@Book{Ov_am,author ={Ovidius Naso, Publius},  title = {amores }, shorthand = {Ov. am.}, shortauthor = {Ovid}, keywords = {ancient}, options = {antik}}
@Book{Ov_ars,author ={Ovidius Naso, Publius},  title = {ars amatoria }, shorthand = {Ov. ars}, shortauthor = {Ovid}, keywords = {ancient}, options = {antik}}
@Book{Ov_epist,author ={Ovidius Naso, Publius},  title = {epistulae (heroides) }, shorthand = {Ov. epist.}, shortauthor = {Ovid}, keywords = {ancient}, options = {antik}}
@Book{Ov_fast,author ={Ovidius Naso, Publius},  title = {fasti }, shorthand = {Ov. fast.}, shortauthor = {Ovid}, keywords = {ancient}, options = {antik}}
@Book{Ov_Ib,author ={Ovidius Naso, Publius},  title = {Ibis }, shorthand = {Ov. Ib.}, shortauthor = {Ovid}, keywords = {ancient}, options = {antik}}
@Book{Ov_medic,author ={Ovidius Naso, Publius},  title = {medicamina faciei femineae }, shorthand = {Ov. medic.}, shortauthor = {Ovid}, keywords = {ancient}, options = {antik}}
@Book{Ov_met,author ={Ovidius Naso, Publius},  title = {metamorphoses }, shorthand = {Ov. met.}, shortauthor = {Ovid}, keywords = {ancient}, options = {antik}}
@Book{Ov_Pont,author ={Ovidius Naso, Publius},  title = {epistulae ex Ponto }, shorthand = {Ov. Pont.}, shortauthor = {Ovid}, keywords = {ancient}, options = {antik}}
@Book{Ov_rem,author ={Ovidius Naso, Publius},  title = {remedia amoris }, shorthand = {Ov. rem.}, shortauthor = {Ovid}, keywords = {ancient}, options = {antik}}
@Book{Ov_trist,author ={Ovidius Naso, Publius},  title = {tristia }, shorthand = {Ov. trist.}, shortauthor = {Ovid}, keywords = {ancient}, options = {antik}}
@Book{Papin,author ={Aemilius Papinianus},  title = { }, shorthand = {Papin.}, shortauthor = {Aemilius Papinianus}, keywords = {ancient}, options = {antik}}
@Book{Pass_mart,author ={},  title = {Passiones martyrum }, shorthand = { Pass. mart.}, shortauthor = {}, keywords = {ancient}, options = {antik}}
@Book{Paus,author ={Pausanias},  title = { }, shorthand = {Paus.}, shortauthor = {Pausanias}, keywords = {ancient}, options = {antik}}
@Book{Pers,author ={ Persius Flaccus, Aulus},  title = {saturae }, shorthand = {Pers.}, shortauthor = {Persius}, keywords = {ancient}, options = {antik}}
@Book{Petron,author ={Petronius Arbiter, Titus},  title = {satyrica }, shorthand = {Petron.}, shortauthor = {Titus Petronius}, keywords = {ancient}, options = {antik}}
@Book{Phaedr,author ={Phaedrus},  title = {fabulae }, shorthand = {Phaedr.}, shortauthor = {Phaedrus}, keywords = {ancient}, options = {antik}}
@Book{Pind_frg,author ={Pindar},  title = {fragmentum }, shorthand = {Pind. frg.}, shortauthor = {Pindar}, keywords = {ancient}, options = {antik}}
@Book{Pind_I,author ={Pindar},  title = {Isthmien }, shorthand = {Pind. I.}, shortauthor = {Pindar}, keywords = {ancient}, options = {antik}}
@Book{Pind_N,author ={Pindar},  title = {Nemeen }, shorthand = {Pind. N.}, shortauthor = {Pindar}, keywords = {ancient}, options = {antik}}
@Book{Pind_O,author ={Pindar},  title = {Olympien }, shorthand = {Pind. O.}, shortauthor = {Pindar}, keywords = {ancient}, options = {antik}}
@Book{Pind_P,author ={Pindar},  title = {Pythien }, shorthand = {Pind. P.}, shortauthor = {Pindar}, keywords = {ancient}, options = {antik}}
@Book{Plat_Alk_1,author ={Platon},  title = {Alkibiades 1 }, shorthand = {Plat. Alk. 1}, shortauthor = {Platon}, keywords = {ancient}, options = {antik}}
@Book{Plat_Alk_2,author ={Platon},  title = {Alkibiades 2 }, shorthand = {Plat. Alk. 2}, shortauthor = {Platon}, keywords = {ancient}, options = {antik}}
@Book{Plat_apol,author ={Platon},  title = {apologia }, shorthand = {Plat. apol.}, shortauthor = {Platon}, keywords = {ancient}, options = {antik}}
@Book{Plat_Ax,author ={Platon},  title = {Axiochos }, shorthand = {Plat. Ax.}, shortauthor = {Platon}, keywords = {ancient}, options = {antik}}
@Book{Plat_Charm,author ={Platon},  title = {Charmides }, shorthand = {Plat. Charm.}, shortauthor = {Platon}, keywords = {ancient}, options = {antik}}
@Book{Plat_def,author ={Platon},  title = {Definitiones (ὅροι) }, shorthand = {Plat. def.}, shortauthor = {Platon}, keywords = {ancient}, options = {antik}}
@Book{Plat_Dem,author ={Platon},  title = {Demodokos }, shorthand = {Plat. Dem.}, shortauthor = {Platon}, keywords = {ancient}, options = {antik}}
@Book{Plat_epin,author ={Platon},  title = {epinomis }, shorthand = {Plat. epin.}, shortauthor = {Platon}, keywords = {ancient}, options = {antik}}
@Book{Plat_epist,author ={Platon},  title = {epistulae }, shorthand = {Plat. epist.}, shortauthor = {Platon}, keywords = {ancient}, options = {antik}}
@Book{Plat_eras,author ={Platon},  title = {erastae }, shorthand = {Plat. eras.}, shortauthor = {Platon}, keywords = {ancient}, options = {antik}}
@Book{Plat_Eryx,author ={Platon},  title = {Eryxias }, shorthand = {Plat. Eryx.}, shortauthor = {Platon}, keywords = {ancient}, options = {antik}}
@Book{Plat_Euthyd,author ={Platon},  title = {Euthydemos }, shorthand = {Plat. Euthyd.}, shortauthor = {Platon}, keywords = {ancient}, options = {antik}}
@Book{Plat_Euthyphr,author ={Platon},  title = {Euthyphron }, shorthand = {Plat. Euthyphr.}, shortauthor = {Platon}, keywords = {ancient}, options = {antik}}
@Book{Plat_Gorg,author ={Platon},  title = {Gorgias }, shorthand = {Plat. Gorg.}, shortauthor = {Platon}, keywords = {ancient}, options = {antik}}
@Book{Plat_Hipp_mai,author ={Platon},  title = {Hippias maior }, shorthand = {Plat. Hipp. mai.}, shortauthor = {Platon}, keywords = {ancient}, options = {antik}}
@Book{Plat_Hipp_min,author ={Platon},  title = {Hippias minor }, shorthand = {Plat. Hipp. min.}, shortauthor = {Platon}, keywords = {ancient}, options = {antik}}
@Book{Plat_Hipparch,author ={Platon},  title = {Hipparchos }, shorthand = {Plat. Hipparch.}, shortauthor = {Platon}, keywords = {ancient}, options = {antik}}
@Book{Plat_Ion,author ={Platon},  title = {Ion }, shorthand = {Plat. Ion}, shortauthor = {Platon}, keywords = {ancient}, options = {antik}}
@Book{Plat_Kleit,author ={Platon},  title = {Kleitophon }, shorthand = {Plat. Kleit.}, shortauthor = {Platon}, keywords = {ancient}, options = {antik}}
@Book{Plat_Krat,author ={Platon},  title = {Kratylos }, shorthand = {Plat. Krat.}, shortauthor = {Platon}, keywords = {ancient}, options = {antik}}
@Book{Plat_Krit,author ={Platon},  title = {Kriton }, shorthand = {Plat. Krit.}, shortauthor = {Platon}, keywords = {ancient}, options = {antik}}
@Book{Plat_Kritias,author ={Platon},  title = {Kritias }, shorthand = {Plat. Kritias}, shortauthor = {Platon}, keywords = {ancient}, options = {antik}}
@Book{Plat_Lach,author ={Platon},  title = {Laches }, shorthand = {Plat. Lach.}, shortauthor = {Platon}, keywords = {ancient}, options = {antik}}
@Book{Plat_leg,author ={Platon},  title = {leges (νόμοι) }, shorthand = {Plat. leg.}, shortauthor = {Platon}, keywords = {ancient}, options = {antik}}
@Book{Plat_Lys,author ={Platon},  title = {Lysis }, shorthand = {Plat. Lys.}, shortauthor = {Platon}, keywords = {ancient}, options = {antik}}
@Book{Plat_Men,author ={Platon},  title = {Menon }, shorthand = {Plat. Men.}, shortauthor = {Platon}, keywords = {ancient}, options = {antik}}
@Book{Plat_Min,author ={Platon},  title = {Minos }, shorthand = {Plat. Min.}, shortauthor = {Platon}, keywords = {ancient}, options = {antik}}
@Book{Plat_Mx,author ={Platon},  title = {Menexenos }, shorthand = {Plat. Mx.}, shortauthor = {Platon}, keywords = {ancient}, options = {antik}}
@Book{Plat_Parm,author ={Platon},  title = {Parmenides }, shorthand = {Plat. Parm.}, shortauthor = {Platon}, keywords = {ancient}, options = {antik}}
@Book{Plat_Phaid,author ={Platon},  title = {Phaidon }, shorthand = {Plat. Phaid.}, shortauthor = {Platon}, keywords = {ancient}, options = {antik}}
@Book{Plat_Phaidr,author ={Platon},  title = {Phaidros }, shorthand = {Plat. Phaidr.}, shortauthor = {Platon}, keywords = {ancient}, options = {antik}}
@Book{Plat_Phil,author ={Platon},  title = {Philebos }, shorthand = {Plat. Phil.}, shortauthor = {Platon}, keywords = {ancient}, options = {antik}}
@Book{Plat_polit,author ={Platon},  title = {politicus }, shorthand = {Plat. polit.}, shortauthor = {Platon}, keywords = {ancient}, options = {antik}}
@Book{Plat_Prot,author ={Platon},  title = {Protagoras }, shorthand = {Plat. Prot.}, shortauthor = {Platon}, keywords = {ancient}, options = {antik}}
@Book{Plat_rep,author ={Platon},  title = {de re publica (πολιτεία) }, shorthand = {Plat. rep.}, shortauthor = {Platon}, keywords = {ancient}, options = {antik}}
@Book{Plat_Sis,author ={Platon},  title = {Sisyphos }, shorthand = {Plat. Sis.}, shortauthor = {Platon}, keywords = {ancient}, options = {antik}}
@Book{Plat_soph,author ={Platon},  title = {sophista }, shorthand = {Plat. soph.}, shortauthor = {Platon}, keywords = {ancient}, options = {antik}}
@Book{Plat_symp,author ={Platon},  title = {symposium }, shorthand = {Plat. symp.}, shortauthor = {Platon}, keywords = {ancient}, options = {antik}}
@Book{Plat_Thg,author ={Platon},  title = {Theages }, shorthand = {Plat. Thg.}, shortauthor = {Platon}, keywords = {ancient}, options = {antik}}
@Book{Plat_Tht,author ={Platon},  title = {Theaitetos }, shorthand = {Plat. Tht.}, shortauthor = {Platon}, keywords = {ancient}, options = {antik}}
@Book{Plat_Tim,author ={Platon},  title = {Timaios }, shorthand = {Plat. Tim.}, shortauthor = {Platon}, keywords = {ancient}, options = {antik}}
@Book{Plaut_Amph,author ={{Maccius Plautus, Titus}},  title = {Amphitruo }, shorthand = {Plaut. Amph.}, shortauthor = {Plautus}, keywords = {ancient}, options = {antik}}
@Book{Plaut_Asin,author ={{Maccius Plautus, Titus}},  title = {Asinaria }, shorthand = {Plaut. Asin.}, shortauthor = {Plautus}, keywords = {ancient}, options = {antik}}
@Book{Plaut_Aul,author ={{Maccius Plautus, Titus}},  title = {Aulularia }, shorthand = {Plaut. Aul.}, shortauthor = {Plautus}, keywords = {ancient}, options = {antik}}
@Book{Plaut_Bacch,author ={{Maccius Plautus, Titus}},  title = {Bacchides }, shorthand = {Plaut. Bacch.}, shortauthor = {Plautus}, keywords = {ancient}, options = {antik}}
@Book{Plaut_Cist,author ={{Maccius Plautus, Titus}},  title = {Cistellaria }, shorthand = {Plaut. Cist.}, shortauthor = {Plautus}, keywords = {ancient}, options = {antik}}
@Book{Plaut_Curc,author ={{Maccius Plautus, Titus}},  title = {Curculio }, shorthand = {Plaut. Curc.}, shortauthor = {Plautus}, keywords = {ancient}, options = {antik}}
@Book{Plaut_Epid,author ={{Maccius Plautus, Titus}},  title = {Epidicus }, shorthand = {Plaut. Epid.}, shortauthor = {Plautus}, keywords = {ancient}, options = {antik}}
@Book{Plaut_Men,author ={{Maccius Plautus, Titus}},  title = {Menaechmi }, shorthand = {Plaut. Men.}, shortauthor = {Plautus}, keywords = {ancient}, options = {antik}}
@Book{Plaut_Merc,author ={{Maccius Plautus, Titus}},  title = {Mercator }, shorthand = {Plaut. Merc.}, shortauthor = {Plautus}, keywords = {ancient}, options = {antik}}
@Book{Plaut_Mil,author ={{Maccius Plautus, Titus}},  title = {Miles gloriosus }, shorthand = {Plaut. Mil.}, shortauthor = {Plautus}, keywords = {ancient}, options = {antik}}
@Book{Plaut_Most,author ={{Maccius Plautus, Titus}},  title = {Mostellaria }, shorthand = {Plaut. Most.}, shortauthor = {Plautus}, keywords = {ancient}, options = {antik}}
@Book{Plaut_Poen,author ={{Maccius Plautus, Titus}},  title = {Poenulus }, shorthand = {Plaut. Poen.}, shortauthor = {Plautus}, keywords = {ancient}, options = {antik}}
@Book{Plaut_Pseud,author ={{Maccius Plautus, Titus}},  title = {Pseudolus }, shorthand = {Plaut. Pseud.}, shortauthor = {Plautus}, keywords = {ancient}, options = {antik}}
@Book{Plaut_Rud,author ={{Maccius Plautus, Titus}},  title = {Rudens }, shorthand = {Plaut. Rud.}, shortauthor = {Plautus}, keywords = {ancient}, options = {antik}}
@Book{Plaut_Stich,author ={{Maccius Plautus, Titus}},  title = {Stichus }, shorthand = {Plaut. Stich.}, shortauthor = {Plautus}, keywords = {ancient}, options = {antik}}
@Book{Plaut_Trin,author ={{Maccius Plautus, Titus}},  title = {Trinummus }, shorthand = {Plaut. Trin.}, shortauthor = {Plautus}, keywords = {ancient}, options = {antik}}
@Book{Plaut_Truc,author ={{Maccius Plautus, Titus}},  title = {Truculentus }, shorthand = {Plaut. Truc.}, shortauthor = {Plautus}, keywords = {ancient}, options = {antik}}
@Book{Plaut_Vid,author ={{Maccius Plautus, Titus}},  title = {Vidularia }, shorthand = {Plaut. Vid.}, shortauthor = {Plautus}, keywords = {ancient}, options = {antik}}
@Book{Plin_epist,author ={Plinius Caecilius Secundus, Caius},  title = {Epistulae }, shorthand = {Plin. epist.}, shortauthor = {Plinius minor}, keywords = {ancient}, options = {antik}}
@Book{Plin_nat,author ={Plinius Secundus, Caius},  title = {naturalis historia }, shorthand = {Plin. nat.}, shortauthor = {Plinius maior}, keywords = {ancient}, options = {antik}}
@Book{Plin_paneg,author ={Plinius Caecilius Secundus, Caius},  title = {panegyricus }, shorthand = {Plin. paneg.}, shortauthor = {Plinius minor}, keywords = {ancient}, options = {antik}}
@Book{Plot,author ={Plotinos},  title = { }, shorthand = {Plot.}, shortauthor = {Plotin}, keywords = {ancient}, options = {antik}}
@Book{Plut,author ={Plutarchos},  title = {vitae parallelae }, shorthand = {Plut.}, shortauthor = {Plutarch}, keywords = {ancient}, options = {antik}}
@Book{Plut_am,author ={Plutarchos},  title = {Amatorius (erotikos) }, shorthand = {Plut. am.}, shortauthor = {Plutarch}, keywords = {ancient}, options = {antik}}
@Book{Plut_de_PythOr,author ={Plutarchos},  title = {de Pythiae oraculis }, shorthand = {Plut. de Pyth.Or.}, shortauthor = {Plutarch}, keywords = {ancient}, options = {antik}}
@Book{Plut_Is,author ={Plutarchos},  title = {de Iside et Osiride }, shorthand = {Plut. Is.}, shortauthor = {Plutarch}, keywords = {ancient}, options = {antik}}
@Book{Plut_mor,author ={Plutarchos},  title = {moralia }, shorthand = {Plut. mor.}, shortauthor = {Plutarch}, keywords = {ancient}, options = {antik}}
@Book{Plut_quGr,author ={Plutarchos},  title = {quaestiones Graecae }, shorthand = {Plut. qu.Gr.}, shortauthor = {Plutarch}, keywords = {ancient}, options = {antik}}
@Book{Plut_quR,author ={Plutarchos},  title = {quaestiones Romanae }, shorthand = {Plut. qu.R.}, shortauthor = {Plutarch}, keywords = {ancient}, options = {antik}}
@Book{Plut_symp,author ={Plutarchos},  title = {quaestiones convivales }, shorthand = {Plut. symp.}, shortauthor = {Plutarch}, keywords = {ancient}, options = {antik}}
@Book{Pol,author ={Polybios},  title = { }, shorthand = {Pol.}, shortauthor = {Polybios}, keywords = {ancient}, options = {antik}}
@Book{Poll,author ={},  title = { }, shorthand = {Poll.}, shortauthor = {Pollux}, keywords = {ancient}, options = {antik}}
@Book{Porph,author ={},  title = { }, shorthand = {Porph.}, shortauthor = {Porphyrios}, keywords = {ancient}, options = {antik}}
@Book{Poseid,author ={},  title = { }, shorthand = {Poseid.}, shortauthor = {Poseidonios}, keywords = {ancient}, options = {antik}}
@Book{Priap,author ={},  title = { }, shorthand = {Priap.}, shortauthor = {Priapea}, keywords = {ancient}, options = {antik}}
@Book{Prisc,author ={},  title = { }, shorthand = {Prisc.}, shortauthor = {Priscianus}, keywords = {ancient}, options = {antik}}
@Book{Prok_aed,author ={Prokopius},  title = {de aedificiis (περὶ κτισμάτων) }, shorthand = {Prok. aed.}, shortauthor = {Prokop}, keywords = {ancient}, options = {antik}}
@Book{Prok_BG,author ={Prokopius},  title = {bellum Gothicum }, shorthand = {Prok. BG}, shortauthor = {Prokop}, keywords = {ancient}, options = {antik}}
@Book{Prok_BP,author ={Prokopius},  title = {bellum Persicum }, shorthand = {Prok. BP}, shortauthor = {Prokop}, keywords = {ancient}, options = {antik}}
@Book{Prok_BV,author ={Prokopius},  title = {bellum Vandalicum }, shorthand = {Prok. BV}, shortauthor = {Prokop}, keywords = {ancient}, options = {antik}}
@Book{Prok_HA,author ={Prokopius},  title = {historia arcana }, shorthand = {Prok. HA}, shortauthor = {Prokop}, keywords = {ancient}, options = {antik}}
@Book{Prokl,author ={},  title = { }, shorthand = {Prokl.}, shortauthor = {Proklos}, keywords = {ancient}, options = {antik}}
@Book{Prop,author ={Aurelius Propertius, {\relax Sex}tus},  title = {elegiae }, shorthand = {Prop.}, shortauthor = {Properz}, keywords = {ancient}, options = {antik}}
@Book{Prud,author ={},  title = { }, shorthand = {Prud.}, shortauthor = {Prudentius}, keywords = {ancient}, options = {antik}}
@Book{Quint_decl,author ={Fabius Quintilianus, Marcus},  title = {declamationes minores }, shorthand = {Quint. decl.}, shortauthor = {Quintilian}, keywords = {ancient}, options = {antik}}
@Book{Quint_inst,author ={Fabius Quintilianus, Marcus},  title = {institutio oratoria }, shorthand = {Quint. inst.}, shortauthor = {Quintilian}, keywords = {ancient}, options = {antik}}
@Book{R_Gest_div_Aug,author ={},  title = {Res gestae divi Augusti }, shorthand = { R. Gest. div. Aug.}, shortauthor = {}, keywords = {ancient}, options = {antik}}
@Book{Rhet_Her,author ={},  title = {Rhetorica ad Herennium }, shorthand = {Rhet. Her.}, shortauthor = {Rhetorica ad Herennium}, keywords = {ancient}, options = {antik}}
@Book{Roem,author ={},  title = {Römerbrief }, shorthand = {Röm}, shortauthor = {Römerbrief}, keywords = {ancient}, options = {antik}}
@Book{Rut_Nam,author ={},  title = {de reditu suo }, shorthand = {Rut. Nam.}, shortauthor = {Rutilius Claudius Namatianus}, keywords = {ancient}, options = {antik}}
@Book{S_Emp,author ={},  title = { }, shorthand = {S. Emp.}, shortauthor = {Sextus Empiricus}, keywords = {ancient}, options = {antik}}
@Book{Sall_Catil,author ={Sallustius Crispus, Caius},  title = {de coniuratione Catilinae }, shorthand = {Sall. Catil.}, shortauthor = {Sallust}, keywords = {ancient}, options = {antik}}
@Book{Sall_epist,author ={Sallustius Crispus, Caius},  title = {epistulae ad Caesarem }, shorthand = {Sall. epist.}, shortauthor = {Sallust}, keywords = {ancient}, options = {antik}}
@Book{Sall_hist,author ={Sallustius Crispus, Caius},  title = {historiae }, shorthand = {Sall. hist.}, shortauthor = {Sallust}, keywords = {ancient}, options = {antik}}
@Book{Sall_Iug,author ={Sallustius Crispus, Caius},  title = {de bello Iugurthino }, shorthand = {Sall. Iug.}, shortauthor = {Sallust}, keywords = {ancient}, options = {antik}}
@Book{Sen_apocol,author ={Annaeus Seneca, Lucius},  title = {divi Claudii apocolocynthosis }, shorthand = {Sen. apocol.}, shortauthor = {Seneca minor}, keywords = {ancient}, options = {antik}}
@Book{Sen_benef,author ={Annaeus Seneca, Lucius},  title = {de beneficiis }, shorthand = {Sen. benef.}, shortauthor = {Seneca minor}, keywords = {ancient}, options = {antik}}
@Book{Sen_clem,author ={Annaeus Seneca, Lucius},  title = {de clementia }, shorthand = {Sen. clem.}, shortauthor = {Seneca minor}, keywords = {ancient}, options = {antik}}
@Book{Sen_contr,author ={Annaeus Seneca, Lucius},  title = {controversiae }, shorthand = {Sen. contr.}, shortauthor = {Seneca maior}, keywords = {ancient}, options = {antik}}
@Book{Sen_dial,author ={Annaeus Seneca, Lucius},  title = {dialogi }, shorthand = {Sen. dial.}, shortauthor = {Seneca minor}, keywords = {ancient}, options = {antik}}
@Book{Sen_epist,author ={Annaeus Seneca, Lucius},  title = {epistulae morales ad Lucilium }, shorthand = {Sen. epist.}, shortauthor = {Seneca minor}, keywords = {ancient}, options = {antik}}
@Book{Sen_Herc_f,author ={Annaeus Seneca, Lucius},  title = {Hercules furens }, shorthand = {Sen. Herc. f.}, shortauthor = {Seneca minor}, keywords = {ancient}, options = {antik}}
@Book{Sen_Med,author ={Annaeus Seneca, Lucius},  title = {Medea }, shorthand = {Sen. Med.}, shortauthor = {Seneca minor}, keywords = {ancient}, options = {antik}}
@Book{Sen_nat,author ={Annaeus Seneca, Lucius},  title = {naturales quaestiones }, shorthand = {Sen. nat.}, shortauthor = {Seneca minor}, keywords = {ancient}, options = {antik}}
@Book{Sen_Oed,author ={Annaeus Seneca, Lucius},  title = {Oedipus }, shorthand = {Sen. Oed.}, shortauthor = {Seneca minor}, keywords = {ancient}, options = {antik}}
@Book{Sen_Phaedr,author ={Annaeus Seneca, Lucius},  title = {Phaedra }, shorthand = {Sen. Phaedr.}, shortauthor = {Seneca minor}, keywords = {ancient}, options = {antik}}
@Book{Sen_Phoen,author ={Annaeus Seneca, Lucius},  title = {Phoenissae }, shorthand = {Sen. Phoen.}, shortauthor = {Seneca minor}, keywords = {ancient}, options = {antik}}
@Book{Sen_suas,author ={Annaeus Seneca, Lucius},  title = {suasoriae }, shorthand = {Sen. suas.}, shortauthor = {Seneca maior}, keywords = {ancient}, options = {antik}}
@Book{Sen_Thy,author ={Annaeus Seneca, Lucius},  title = {Thyestes }, shorthand = {Sen. Thy.}, shortauthor = {Seneca minor}, keywords = {ancient}, options = {antik}}
@Book{Sen_Tro,author ={Annaeus Seneca, Lucius},  title = {Troades }, shorthand = {Sen. Tro.}, shortauthor = {Seneca minor}, keywords = {ancient}, options = {antik}}
@Book{Serv_Aen,author ={},  title = {commentarius in Vergilii Aeneida }, shorthand = {Serv. Aen.}, shortauthor = {Servius}, keywords = {ancient}, options = {antik}}
@Book{Serv_auct,author ={},  title = { }, shorthand = {Serv. auct.}, shortauthor = {Servius auctus Danielis}, keywords = {ancient}, options = {antik}}
@Book{Serv_ecl,author ={},  title = {commentarius in Vergilii eclogas }, shorthand = {Serv. ecl.}, shortauthor = {Servius}, keywords = {ancient}, options = {antik}}
@Book{Serv_georg,author ={},  title = {commentarius in Vergilii georgica }, shorthand = {Serv. georg.}, shortauthor = {Servius}, keywords = {ancient}, options = {antik}}
@Book{Sil,author ={},  title = {Punica }, shorthand = {Sil.}, shortauthor = {Silius Italicus}, keywords = {ancient}, options = {antik}}
@Book{Sim,author ={},  title = { }, shorthand = {Sim.}, shortauthor = {Simonides}, keywords = {ancient}, options = {antik}}
@Book{Simpl,author ={},  title = { }, shorthand = {Simpl.}, shortauthor = {Simplikios}, keywords = {ancient}, options = {antik}}
@Book{Sol,author ={},  title = { }, shorthand = {Sol.}, shortauthor = {Solon}, keywords = {ancient}, options = {antik}}
@Book{Soph_Ai,author ={Sophokles},  title = {Aias }, shorthand = {Soph. Ai.}, shortauthor = {Sophokles}, keywords = {ancient}, options = {antik}}
@Book{Soph_Ant,author ={Sophokles},  title = {Antigone }, shorthand = {Soph. Ant.}, shortauthor = {Sophokles}, keywords = {ancient}, options = {antik}}
@Book{Soph_El,author ={Sophokles},  title = {Electra }, shorthand = {Soph. El.}, shortauthor = {Sophokles}, keywords = {ancient}, options = {antik}}
@Book{Soph_Oid_K,author ={Sophokles},  title = {Oedipus Coloneus }, shorthand = {Soph. Oid. K.}, shortauthor = {Sophokles}, keywords = {ancient}, options = {antik}}
@Book{Soph_Oid_T,author ={Sophokles},  title = {Oedipus Rex (Oedipus Tyrannus) }, shorthand = {Soph. Oid. T.}, shortauthor = {Sophokles}, keywords = {ancient}, options = {antik}}
@Book{Soph_Phil,author ={Sophokles},  title = {Philoctetes }, shorthand = {Soph. Phil.}, shortauthor = {Sophokles}, keywords = {ancient}, options = {antik}}
@Book{Stat_Ach,author ={Papinius Statius, Publius},  title = {Achilleis }, shorthand = {Stat. Ach.}, shortauthor = {Statius}, keywords = {ancient}, options = {antik}}
@Book{Stat_silv,author ={Papinius Statius, Publius},  title = {silvae }, shorthand = {Stat. silv.}, shortauthor = {Statius}, keywords = {ancient}, options = {antik}}
@Book{Stat_Theb,author ={Papinius Statius, Publius},  title = {Thebais }, shorthand = {Stat. Theb.}, shortauthor = {Statius}, keywords = {ancient}, options = {antik}}
@Book{Stesich,author ={Stesichoros},  title = { }, shorthand = {Stesich.}, shortauthor = {Stesichoros}, keywords = {ancient}, options = {antik}}
@Book{Stob,author ={Stobaios},  title = { }, shorthand = {Stob.}, shortauthor = {Stobaios}, keywords = {ancient}, options = {antik}}
@Book{Strab,author ={Strabon},  title = { }, shorthand = {Strab.}, shortauthor = {Strabon}, keywords = {ancient}, options = {antik}}
@Book{Suet_Aug,author ={Suetonius Tranquillus, Caius},  title = {divus Augustus }, shorthand = {Suet. Aug.}, shortauthor = {Sueton}, keywords = {ancient}, options = {antik}}
@Book{Suet_Cal,author ={Suetonius Tranquillus, Caius},  title = {Caligula }, shorthand = {Suet. Cal.}, shortauthor = {Sueton}, keywords = {ancient}, options = {antik}}
@Book{Suet_Claud,author ={Suetonius Tranquillus, Caius},  title = {divus Claudius }, shorthand = {Suet. Claud.}, shortauthor = {Sueton}, keywords = {ancient}, options = {antik}}
@Book{Suet_Dom,author ={Suetonius Tranquillus, Caius},  title = {Domitianus }, shorthand = {Suet. Dom.}, shortauthor = {Sueton}, keywords = {ancient}, options = {antik}}
@Book{Suet_gramm,author ={Suetonius Tranquillus, Caius},  title = {de grammaticis }, shorthand = {Suet. gramm.}, shortauthor = {Sueton}, keywords = {ancient}, options = {antik}}
@Book{Suet_Iul,author ={Suetonius Tranquillus, Caius},  title = {divus Iulius }, shorthand = {Suet. Iul.}, shortauthor = {Sueton}, keywords = {ancient}, options = {antik}}
@Book{Suet_Tib,author ={Suetonius Tranquillus, Caius},  title = {divus Tiberius }, shorthand = {Suet. Tib.}, shortauthor = {Sueton}, keywords = {ancient}, options = {antik}}
@Book{Suet_Tit,author ={Suetonius Tranquillus, Caius},  title = {divus Titus }, shorthand = {Suet. Tit.}, shortauthor = {Sueton}, keywords = {ancient}, options = {antik}}
@Book{Suet_Vesp,author ={Suetonius Tranquillus, Caius},  title = {divus Vespasianus }, shorthand = {Suet. Vesp.}, shortauthor = {Sueton}, keywords = {ancient}, options = {antik}}
@Book{Suet_Vit,author ={Suetonius Tranquillus, Caius},  title = {Vitellius }, shorthand = {Suet. Vit.}, shortauthor = {Sueton}, keywords = {ancient}, options = {antik}}
@Book{Symm_epist,author ={ Aurelius Symmachus, Quintus},  title = {epistulae }, shorthand = {Symm. epist.}, shortauthor = {Symmachus}, keywords = {ancient}, options = {antik}}
@Book{Symm_or,author ={ Aurelius Symmachus, Quintus},  title = {orationes }, shorthand = {Symm. or.}, shortauthor = {Symmachus}, keywords = {ancient}, options = {antik}}
@Book{Symm_rel,author ={ Aurelius Symmachus, Quintus},  title = {relationes }, shorthand = {Symm. rel.}, shortauthor = {Symmachus}, keywords = {ancient}, options = {antik}}
@Book{Synes_epist,author ={Synesios},  title = {epistulae }, shorthand = {Synes. Epist.}, shortauthor = {epist.}, keywords = {ancient}, options = {antik}}
@Book{Tac_Agr,author ={Cornelius Tacitus, Publius},  title = {Agricola }, shorthand = {Tac. Agr.}, shortauthor = {Tacitus}, keywords = {ancient}, options = {antik}}
@Book{Tac_ann,author ={Cornelius Tacitus, Publius},  title = {annales }, shorthand = {Tac. ann.}, shortauthor = {Tacitus}, keywords = {ancient}, options = {antik}}
@Book{Tac_dial,author ={Cornelius Tacitus, Publius},  title = {dialogus de oratoribus }, shorthand = {Tac. dial.}, shortauthor = {Tacitus}, keywords = {ancient}, options = {antik}}
@Book{Tac_Germ,author ={Cornelius Tacitus, Publius},  title = {Germania }, shorthand = {Tac. Germ.}, shortauthor = {Tacitus}, keywords = {ancient}, options = {antik}}
@Book{Tac_hist,author ={Cornelius Tacitus, Publius},  title = {historiae }, shorthand = {Tac. hist.}, shortauthor = {Tacitus}, keywords = {ancient}, options = {antik}}
@Book{Ter_Ad,author ={Terentius Afer, Publius },  title = {Adelphoe }, shorthand = {Ter. Ad.}, shortauthor = {Terenz}, keywords = {ancient}, options = {antik}}
@Book{Ter_Andr,author ={Terentius Afer, Publius },  title = {Andria }, shorthand = {Ter. Andr.}, shortauthor = {Terenz}, keywords = {ancient}, options = {antik}}
@Book{Ter_Eun,author ={Terentius Afer, Publius },  title = {Eunuchus }, shorthand = {Ter. Eun.}, shortauthor = {Terenz}, keywords = {ancient}, options = {antik}}
@Book{Ter_Haut,author ={Terentius Afer, Publius },  title = {Heautontimorumenos }, shorthand = {Ter. Haut.}, shortauthor = {Terenz}, keywords = {ancient}, options = {antik}}
@Book{Ter_Hec,author ={Terentius Afer, Publius },  title = {Hecyra }, shorthand = {Ter. Hec.}, shortauthor = {Terenz}, keywords = {ancient}, options = {antik}}
@Book{Ter_Maur,author ={{Terentianus Maurus}},  title = { }, shorthand = {Ter. Maur.}, shortauthor = {Terentianus Maurus}, keywords = {ancient}, options = {antik}}
@Book{Ter_Phorm,author ={Terentius Afer, Publius },  title = {Phormio }, shorthand = {Ter. Phorm.}, shortauthor = {Terenz}, keywords = {ancient}, options = {antik}}
@Book{Tert_apol,author ={Septimius, Quintus Tertullianus},  title = {apologeticum }, shorthand = {Tert. apol.}, shortauthor = {Tertullianus}, keywords = {ancient}, options = {antik}}
@Book{Tert_nat,author ={Septimius, Quintus Tertullianus},  title = {ad nationes }, shorthand = {Tert. nat.}, shortauthor = {Tertullianus}, keywords = {ancient}, options = {antik}}
@Book{Theokr,author ={Theokritos},  title = { }, shorthand = {Theokr.}, shortauthor = {Theokritos}, keywords = {ancient}, options = {antik}}
@Book{Thgn,author ={{Theognis von Megara}},  title = { }, shorthand = {Thgn.}, shortauthor = {Theognis}, keywords = {ancient}, options = {antik}}
@Book{Thuk,author ={Thukydides},  title = { }, shorthand = {Thuk.}, shortauthor = {Thukydides}, keywords = {ancient}, options = {antik}}
@Book{Tib,author ={Albius Tibullus},  title = {elegiae }, shorthand = {Tib.}, shortauthor = {Tibullus}, keywords = {ancient}, options = {antik}}
@Book{Ulp_reg,author ={Ulpianus},  title = {(Ulpiani regulae) }, shorthand = {Ulp.  Reg.}, shortauthor = {Ulpianus}, keywords = {ancient}, options = {antik}}
@Book{Val_Fl,author ={Valerius Flaccus Setinus Balbus, Caius},  title = {Argonautica }, shorthand = {Val. Fl.}, shortauthor = {{Valerius Flaccus}}, keywords = {ancient}, options = {antik}}
@Book{Val_Max,author ={{Valerius Maximus}},  title = {facta et dicta memorabilia }, shorthand = {Val. Max.}, shortauthor = {{Valerius Maximus}}, keywords = {ancient}, options = {antik}}
@Book{Varro_ling,author ={Terentius Varro, Marcus},  title = {de lingua Latina }, shorthand = {Varro ling.}, shortauthor = {Varro}, keywords = {ancient}, options = {antik}}
@Book{Varro_Men,author ={Terentius Varro, Marcus},  title = {saturae Menippeae }, shorthand = {Varro Men.}, shortauthor = {Varro}, keywords = {ancient}, options = {antik}}
@Book{Varro_rust,author ={Terentius Varro, Marcus},  title = {res rusticae }, shorthand = {Varro rust.}, shortauthor = {Varro}, keywords = {ancient}, options = {antik}}
@Book{Vell,author ={{Velleius Paterculus}},  title = {historiae Romanae }, shorthand = {Vell. }, shortauthor = {Velleius Paterculus}, keywords = {ancient}, options = {antik}}
@Book{Ven_Fort,author ={{Venantius Honorius Clementianus Fortunatus}},  title = { }, shorthand = {Ven. Fort.}, shortauthor = {Venantius Fortunatus}, keywords = {ancient}, options = {antik}}
@Book{Verg_Aen,author ={Vergilius Maro, Publius},  title = {Aeneis }, shorthand = {Verg. Aen.}, shortauthor = {Vergil }, keywords = {ancient}, options = {antik}}
@Book{Verg_catal,author ={Vergilius Maro, Publius},  title = {catalepton }, shorthand = {Verg. catal.}, shortauthor = {Vergil }, keywords = {ancient}, options = {antik}}
@Book{Verg_ecl,author ={Vergilius Maro, Publius},  title = {eclogae }, shorthand = {Verg. ecl.}, shortauthor = {Vergil }, keywords = {ancient}, options = {antik}}
@Book{Verg_georg,author ={Vergilius Maro, Publius},  title = {georgica }, shorthand = {Verg. georg.}, shortauthor = {Vergil }, keywords = {ancient}, options = {antik}}
@Book{Vitr,author ={Vitruvius},  title = {de architectura }, shorthand = {Vitr.}, shortauthor = {Vitruv}, keywords = {ancient}, options = {antik}}
@Book{Vulg,author ={},  title = {Vulgata }, shorthand = { Vulg.}, shortauthor = {}, keywords = {ancient}, options = {antik}}
@Book{Xen_an,author ={Xenophon},  title = {anabasis }, shorthand = {Xen. an.}, shortauthor = {Xenophon}, keywords = {ancient}, options = {antik}}
@Book{Xen_apol,author ={Xenophon},  title = {apologia }, shorthand = {Xen. apol.}, shortauthor = {Xenophon}, keywords = {ancient}, options = {antik}}
@Book{Xen_Ath_pol,author ={Xenophon},  title = {Athenaion politeia }, shorthand = {Xen. Ath. pol.}, shortauthor = {Xenophon}, keywords = {ancient}, options = {antik}}
@Book{Xen_hell,author ={Xenophon},  title = {hellenica }, shorthand = {Xen. hell.}, shortauthor = {Xenophon}, keywords = {ancient}, options = {antik}}
@Book{Xen_kyn,author ={Xenophon},  title = {cynegeticus }, shorthand = {Xen. kyn.}, shortauthor = {Xenophon}, keywords = {ancient}, options = {antik}}
@Book{Xen_Kyr,author ={Xenophon},  title = {Cyrupaideia }, shorthand = {Xen. Kyr.}, shortauthor = {Xenophon}, keywords = {ancient}, options = {antik}}
@Book{Xen_mem,author ={Xenophon},  title = {memorabilia (Apomnemoneumata) }, shorthand = {Xen. mem.}, shortauthor = {Xenophon}, keywords = {ancient}, options = {antik}}
@Book{Xen_oec,author ={Xenophon},  title = {oeconomicus }, shorthand = {Xen. oec.}, shortauthor = {Xenophon}, keywords = {ancient}, options = {antik}}
@Book{Xen_symp,author ={Xenophon},  title = {symposium }, shorthand = {Xen. symp.}, shortauthor = {Xenophon}, keywords = {ancient}, options = {antik}}
@Book{Xenophan,author ={Xenophanes},  title = { }, shorthand = {Xenophan.}, shortauthor = {Xenophanes}, keywords = {ancient}, options = {antik}}
@Book{Zen,author ={Zenon},  title = { }, shorthand = {Zen.}, shortauthor = {Zenon}, keywords = {ancient}, options = {antik}}
@Book{Zenob,author ={Zenobios},  title = { }, shorthand = {Zenob.}, shortauthor = {Zenobios}, keywords = {ancient}, options = {antik}}
@Book{Zenod,author ={Zenodotos},  title = { }, shorthand = {Zenod.}, shortauthor = {Zenodotos}, keywords = {ancient}, options = {antik}}
@Book{Zos,author ={Zosimos},  title = { }, shorthand = {Zos.}, shortauthor = {Zosimos}, keywords = {ancient}, options = {antik}}
