% archaeologie --%
%               biblatex fuer Archaeologen, Historiker und Philologen
% Copyright (c) 2016 Lukas C. Bossert | Johannes Friedl
%  
% This work may be distributed and/or modified under the
% conditions of the LaTeX Project Public License, either version 1.3
% of this license or (at your option) any later version.
% The latest version of this license is in
%   http://www.latex-project.org/lppl.txt
% and version 1.3 or later is part of all distributions of LaTeX
% version 2005/12/01 or later.
%%%%%%%%%%%%%%%%%%%%
%%
%%      Liste der Abkürzungen für Zeitschriften, Reihen, 	
%%		Lexika und häufig zitierte Werke       				
%%															
%%%%%%%%%%%%%%%%%%%%
%% 
%% 	Manche Kürzel konnten nicht genau umgesetzt werden. 
%% 	Alle Umlaute, Akzente, etc. werden weggelassen, bzw. 
%%	geändert: "ü-> ue", etc. 
%% 	Diese sind mit "*Abweichung!" gekennzeichnet
%%
%%%%%%%%%%%%%%%%%%%%
%% 															
%%	Kurzname   									    
%%															
%%%%%%%%%%%%%%%%%%%%
 @String {AA-short  = {AA}}
 @String {AAA-short  = {AAA}}
 @String {AAcque-short  = {AAcque}}
 @String {AAdv-short  = {AAdv}}
 @String {AAJ-short  = {AAJ}}
 @String {AAlpi-short  = {AAlpi}}
 @String {AarbKob-short  = {AarbKøb}}%*Abweichung!
 @String {AArchit-short  = {AArchit}}
 @String {AAS-short  = {AAS}}
 @String {AASOR-short  = {AASOR}}
 @String {AAusgrBadWuert-short  = {AAusgrBadWürt}}%*Abweichung!
 @String {AAustr-short  = {AAustr}}
 @String {ABADY-short  = {ABADY}}
 @String {AbhBerlin-short  = {AbhBerlin}}
 @String {AbhDuesseldorf-short  = {AbhDüsseldorf}}%*Abweichung!
 @String {AbhGoettingen-short  = {AbhGöttingen}}%*Abweichung!
 @String {AbhLeipzig-short  = {AbhLeipzig}}
 @String {AbhMainz-short  = {AbhMainz}}
 @String {AbhMuenchen-short  = {AbhMünchen}}%*Abweichung!
 @String {ABret-short  = {ABret}}
 @String {Abr-Nahrain-short  = {Abr-Nahrain}}
 @String {ABulg-short  = {ABulg}}
 @String {ABV-short  = {ABV}}
 @String {ACalc-short  = {ACalc}}
 @String {ACamp-short  = {ACamp}}
 @String {ACant-short  = {ACant}}
 @String {AcBibl-short  = {AcBibl}}
 @String {Achse-short  = {Achse}}
 @String {Acme-short  = {Acme}}
 @String {Acontia-short  = {Acontia}}
 @String {ACors-short  = {ACors}}
 @String {ActaAArtHist-short  = {ActaAArtHist}}
 @String {ActaAArtHist-sa-short  = {ActaAArtHist s.a.}}%*Abweichung!
 @String {ActaAcAbo-short  = {ActaAcAbo}}
 @String {ActaACarp-short  = {ActaACarp}}
 @String {ActaALov-short  = {ActaALov}}
 @String {ActaALovMono-short  = {ActaALovMono}}
 @String {ActaAntHung-short  = {ActaAntHung}}
 @String {ActaArch-short  = {ActaArch}}
 @String {ActaArchHung-short  = {ActaArchHung}}
 @String {ActaAth-short  = {ActaAth}}
 @String {ActaCl-short  = {ActaCl}}
 @String {ActaClDebrec-short  = {ActaClDebrec}}
 @String {ActaHistDac-short  = {ActaHistDac}}
 @String {ActaHyp-short  = {ActaHyp}}
 @String {ActaInstRomFin-short  = {ActaInstRomFin}}
 @String {ActaMusNapoca-short  = {ActaMusNapoca}}
 @String {ActaMusPorol-short  = {ActaMusPorol}}
 @String {ActaNum-short  = {ActaNum}}
 @String {ActaOr-short  = {ActaOr}}
 @String {ActaOrHung-short  = {ActaOrHung}}
 @String {ActaPhilSocDac-short  = {ActaPhilSocDac}}
 @String {ActaPraehistA-short  = {ActaPraehistA}}
 @String {ActaTorunA-short  = {ActaTorunA}}
 @String {ActaTorunHist-short  = {ActaTorunHist}}
 @String {AD-short  = {AD}}
 @String {ADAIK-short  = {ADAIK}}
 @String {Adalya-short  = {Adalya}}
 @String {ADelt-A-short  = {ADelt A}}%*Abweichung!
 @String {ADelt-B-short  = {ADelt B}}%*Abweichung!
 @String {ADerg-short  = {ADerg}}
 @String {ADFU-short  = {ADFU}}
 @String {AdI-short  = {AdI}}
 @String {ADOG-short  = {ADOG}}
 @String {Adumatu-short  = {Adumatu}}
 @String {AE-short  = {AE}}
 @String {AeA-short  = {AeA}}
 @String {Aegaeum-short  = {Aegaeum}}
 @String {AegLev-short  = {ÄgLev}}%*Abweichung!
 @String {AEmil-short  = {AEmil}}
 @String {AEphem-short  = {AEphem}}
 @String {AeR-short  = {AeR}}
 @String {AErgoMak-short  = {AErgoMak}}
 @String {AErt-short  = {AErt}}
 @String {AEspA-short  = {AEspA}}
 @String {Aevum-short  = {Aevum}}
 @String {AevumAnt-short  = {AevumAnt}}
 @String {AF-short  = {AF}}
 @String {AfO-short  = {AfO}}
 @String {Africa-short  = {Africa}}
 @String {AGD-short  = {AGD}}
 @String {AGeo-short  = {AGeo}}
 @String {Agora-short  = {Agora}}
 @String {AgoraPB-short  = {AgoraPB}}
 @String {AHist-short  = {AHist}}
 @String {AHistStAlex-short  = {AHistStAlex}}
 @String {AHw-short  = {AHw}}
 @String {AiD-short  = {AiD}}
 @String {AInf-short  = {AInf}}
 @String {AIONArch-short  = {AIONArch}}
 @String {AIONFil-short  = {AIONFil}}
 @String {AIONLing-short  = {AIONLing}}
 @String {AIPhOr-short  = {AIPhOr}}
 @String {Aitna-short  = {Aitna}}
 @String {AJA-short  = {AJA}}
 @String {AJahrBay-short  = {AJahrBay}}
 @String {AJPh-short  = {AJPh}}
 @String {AJug-short  = {AJug}}
 @String {AKorrBl-short  = {AKorrBl}}
 @String {AlbaRegia-short  = {AlbaRegia}}
 @String {AlmaMaterSt-short  = {AlmaMaterSt}}
 @String {AlmanachWien-short  = {AlmanachWien}}
 @String {AlonJisrael-short  = {AlonJisrael}}
 @String {Al-Qannis-short  = {Al-Qanniš}}
 @String {Altamura-short  = {Altamura}}
 @String {AltoMed-short  = {AltoMed}}
 @String {Alt-Paphos-short  = {Alt-Paphos}}
 @String {AltThuer-short  = {AltThür}}%*Abweichung!
 @String {AM-short  = {AM}}
 @String {AMediev-short  = {AMediev}}
 @String {AMethTh-short  = {AMethTh}}
 @String {AMI-short  = {AMI}}
 @String {AMIT-short  = {AMIT}}
 @String {AmJAncHist-short  = {AmJAncHist}}
 @String {AmJNum-short  = {AmJNum}}
 @String {AMold-short  = {AMold}}
 @String {AMosel-short  = {AMosel}}
 @String {AMS-short  = {AMS}}
 @String {AmStP-short  = {AmStP}}
 @String {AMuGS-short  = {AMuGS}}
 @String {ANachr-short  = {ANachr}}
 @String {ANachrBad-short  = {ANachrBad}}
 @String {AnadoluAra-short  = {AnadoluAra}}
 @String {AnadoluKonf-short  = {AnadoluKonf}}
 @String {AnadoluYil-short  = {AnadoluYıl}}
 @String {AnAe-short  = {AnAe}}
 @String {Anagennesis-short  = {Anagennesis}}
 @String {AnalBolland-short  = {AnalBolland}}
 @String {AnalP-short  = {AnalP}}
 @String {AnalRom-short  = {AnalRom}}
 @String {AnArqAnd-short  = {AnArqAnd}}
 @String {Anas-short  = {Anas}}
 @String {AnatA-short  = {AnatA}}
 @String {Anatolia-short  = {Anatolia}}
 @String {ANaturwiss-short  = {ANaturwiss}}
 @String {AncCivScytSib-short  = {AncCivScytSib}}
 @String {AncHistB-short  = {AncHistB}}
 @String {AncInd-short  = {AncInd}}
 @String {AncNearEastSt-short  = {AncNearEastSt}}
 @String {AnCord-short  = {AnCord}}
 @String {AncSoc-short  = {AncSoc}}
 @String {AncW-short  = {AncW}}
 @String {AncWestEast-short  = {AncWestEast}}
 @String {AnDubr-short  = {AnDubr}}
 @String {ANews-short  = {ANews}}
 @String {ANilMoy-short  = {ANilMoy}}
 @String {ANL-short  = {ANL}}
 @String {AnMunFaro-short  = {AnMunFaro}}
 @String {AnMurcia-short  = {AnMurcia}}
 @String {AnnAcEtr-short  = {AnnAcEtr}}
 @String {AnnAcTorino-short  = {AnnAcTorino}}
 @String {AnnAStorAnt-short  = {AnnAStorAnt}}
 @String {AnnBari-short  = {AnnBari}}
 @String {AnnBenac-short  = {AnnBenac}}
 @String {AnnBiblAModena-short  = {AnnBiblAModena}}
 @String {AnnBiblARom-short  = {AnnBiblARom}}
 @String {AnnByzConf-short  = {AnnByzConf}}
 @String {AnnCagl-short  = {AnnCagl}}
 @String {AnnCaglMag-short  = {AnnCaglMag}}
 @String {AnnEconSocCiv-short  = {AnnEconSocCiv}}
 @String {AnnEgBibl-short  = {AnnEgBibl}}
 @String {AnnEth-short  = {AnnEth}}
 @String {AnnFaina-short  = {AnnFaina}}
 @String {AnnHistA-short  = {AnnHistA}}
 @String {AnnHistScSoc-short  = {AnnHistScSoc}}
 @String {AnnIstGiapp-short  = {AnnIstGiapp}}
 @String {AnnIstItNum-short  = {AnnIstItNum}}
 @String {AnnLecce-short  = {AnnLecce}}
 @String {AnnLeedsUnOrSoc-short  = {AnnLeedsUnOrSoc}}
 @String {AnnMacerata-short  = {AnnMacerata}}
 @String {AnnMessMag-short  = {AnnMessMag}}
 @String {AnnMusRov-short  = {AnnMusRov}}
 @String {AnnNap-short  = {AnnNap}}
 @String {AnnNivern-short  = {AnnNivern}}
 @String {AnnNoment-short  = {AnnNoment}}
 @String {AnnOrNap-short  = {AnnOrNap}}
 @String {AnnotNum-short  = {AnnotNum}}
 @String {AnnPerugia-short  = {AnnPerugia}}
 @String {AnnPisa-short  = {AnnPisa}}
 @String {AnnPontAcRom-short  = {AnnPontAcRom}}
 @String {AnnRepBSA-short  = {AnnRepBSA}}
 @String {AnnRepCypr-short  = {AnnRepCypr}}
 @String {AnnRepFoggArtMus-short  = {TAnnRepFoggArtMus}}
 @String {AnnSiena-short  = {AnnSiena}}
 @String {AnnuarioAcLinc-short  = {AnnuarioAcLinc}}
 @String {AnnuarioLecce-short  = {AnnuarioLecce}}
 @String {AnnUnBud-short  = {AnnUnBud}}
 @String {AnnWorcArtMus-short  = {AnnWorcArtMus}}
 @String {Anodos-short  = {Anodos}}
 @String {AnOr-short  = {AnOr}}
 @String {ANRW-short  = {ANRW}}
 @String {Anschnitt-short  = {Anschnitt}}
 @String {ANSMusNotes-short  = {ANSMusNotes}}
 @String {AnSt-short  = {AnSt}}
 @String {Antaeus-short  = {Antaeus}}
 @String {AntAfr-short  = {AntAfr}}
 @String {AntChr-short  = {AntChr}}
 @String {AntCl-short  = {AntCl}}
 @String {AnthrAChron-short  = {AnthrAChron}}
 @String {Anthropos-short  = {Anthropos}}
 @String {Antichthon-short  = {Antichthon}}
 @String {AntigCr-short  = {AntigCr}}
 @String {Antipolis-short  = {Antipolis}}
 @String {Antiqua-short  = {Antiqua}}
 @String {Antiquity-short  = {Antiquity}}
 @String {AntJ-short  = {AntJ}}
 @String {AntK-short  = {AntK}}
 @String {AntNat-short  = {AntNat}}
 @String {AntPisa-short  = {AntPisa}}
 @String {AntPl-short  = {AntPl}}
 @String {AntSurv-short  = {AntSurv}}
 @String {AntTard-short  = {AntTard}}
 @String {AnzAW-short  = {AnzAW}}
 @String {AnzWien-short  = {AnzWien}}
 @String {AOAT-short  = {AOAT}}
 @String {AoF-short  = {AoF}}
 @String {AOtkryt-short  = {AOtkryt}}
 @String {APamKiiv-short  = {APamKiiv}}
 @String {APh-short  = {APh}}
 @String {APol-short  = {APol}}
 @String {Apollo-short  = {Apollo}}
 @String {ApolloLond-short  = {ApolloLond}}
 @String {APort-short  = {APort}}
 @String {AppRomFil-short  = {AppRomFil}}
 @String {APregl-short  = {APregl}}
 @String {Apulum-short  = {Apulum}}
 @String {AquiLeg-short  = {AquiLeg}}
 @String {AquilNost-short  = {AquilNost}}
 @String {Aquitania-short  = {Aquitania}}
 @String {ArabAEpigr-short  = {ArabAEpigr}}
 @String {ARadRaspr-short  = {ARadRaspr}}
 @String {ArbFBerSaechs-short  = {ArbFBerSaechs}}
 @String {Archaeographie-short  = {Archäographie}}%*Abweichung!
 @String {Archaeologia-short  = {Archäographie}}
 @String {Archaeology-short  = {Archaeology}}
 @String {Archaeometry-short  = {Archaeometry}}
 @String {Archaiognosia-short  = {Archaiognosia}}
 @String {ArchBegriffsGesch-short  = {ArchBegriffsGesch}}
 @String {ArchByzMnem-short  = {ArchByzMnem}}
 @String {ArchCl-short  = {ArchCl}}
 @String {Archeo-short  = {Archeo}}
 @String {ArcheogrTriest-short  = {ArcheogrTriest}}
 @String {ArcheologiaParis-short  = {ArcheologiaParis}}
 @String {ArcheologiaRoma-short  = {ArcheologiaRoma}}
 @String {ArcheologiaWarsz-short  = {ArcheologiaWarsz}}
 @String {ArcheologijaKiiv-short  = {ArcheologijaKiiv}}
 @String {ArcheologijaSof-short  = {ArcheologijaSof}}
 @String {ArchEubMel-short  = {ArchEubMel}}
 @String {ArchHom-short  = {ArchHom}}
 @String {Architectura-short  = {Architectura}}
 @String {Archivi-short  = {Archivi}}
 @String {ArchPF-short  = {ArchPF}}
 @String {ArchPrehistLev-short  = {ArchPrehistLev}}
 @String {ArchRel-short  = {ArchRel}}
 @String {ArchStorCal-short  = {ArchStorCal}}
 @String {ArchStorPugl-short  = {ArchStorPugl}}
 @String {ArchStorRom-short  = {ArchStorRom}}
 @String {ArchStorSicOr-short  = {ArchStorSicOr}}
 @String {ArchStorSir-short  = {ArchStorSir}}
 @String {Arctos-short  = {Arctos}}
 @String {ARepLond-short  = {ARepLond}}
 @String {Argo-short  = {Argo}}
 @String {ArOr-short  = {ArOr}}
 @String {ArOrMono-short  = {ArOrMono}}
 @String {ArOrSuppl-short  = {ArOrSuppl}}
 @String {ARozhl-short  = {ARozhl}}
 @String {ArqBeja-short  = {ArqBeja}}
 @String {Arse-short  = {Arse}}
 @String {ArsGeorg-short  = {ArsGeorg}}
 @String {ArtAntMod-short  = {ArtAntMod}}
 @String {ArtARhone-short  = {ArtARhône}}%*Abweichung!
 @String {ArtAs-short  = {ArtAs}}
 @String {ArtB-short  = {ArtB}}
 @String {ArtJ-short  = {ArtJ}}
 @String {ArtLomb-short  = {ArtLomb}}
 @String {ArtMediev-short  = {ArtMediev}}
 @String {ArtVirg-short  = {ArtVirg}}
 @String {ARV2-short  = {ARV2}}
 @String {ASachs-short  = {ASachs}}
 @String {ASAE-short  = {ASAE}}
 @String {ASammlUnZuerch-short  = {ASammlUnZürch}}%*Abweichung!
 @String {ASAtene-short  = {ASAtene}}
 @String {ASbor-short  = {ASbor}}
 @String {ASchw-short  = {ASchw}}
 @String {ASoc-short  = {ASoc}}
 @String {ASoloth-short  = {ASoloth}}
 @String {ASR-short  = {ASR}}
 @String {Assaph-short  = {Assaph}}
 @String {AssyrMisc-short  = {AssyrMisc}}
 @String {AST-short  = {AST}}
 @String {ASub-short  = {ASub}}
 @String {ASubacq-short  = {ASubacq}}
 @String {Athenaeum-short  = {Athenaeum}}
 @String {Atiqot-short  = {Atiqot}}
 @String {AtiqotHeb-short  = {AtiqotHeb}}
 @String {Atlal-short  = {Atlal}}
 @String {AttiAcPontan-short  = {AttiAcPontan}}
 @String {AttiAcRov-short  = {AttiAcRov}}
 @String {AttiAcTorino-short  = {AttiAcTorino}}
 @String {AttiCAntCl-short  = {AttiCAntCl}}
 @String {AttiCItRom-short  = {AttiCItRom}}
 @String {AttiMemBologna-short  = {AttiMemBologna}}
 @String {AttiMemDal-short  = {AttiMemDal}}
 @String {AttiMemFirenze-short  = {AttiMemFirenze}}
 @String {AttiMemIstria-short  = {AttiMemIstria}}
 @String {AttiMemMagnaGr-short  = {AttiMemMagnaGr}}
 @String {AttiMemModena-short  = {AttiMemModena}}
 @String {AttiMemTivoli-short  = {AttiMemTivoli}}
 @String {AttiMusTrieste-short  = {AttiMusTrieste}}
 @String {AttiPalermo-short  = {AttiPalermo}}
 @String {AttiRovigno-short  = {AttiRovigno}}
 @String {AttiSocFriuli-short  = {AttiSocFriuli}}
 @String {AttiVenezia-short  = {AttiVenezia}}
 @String {AuA-short  = {AuA}}
 @String {AulaOr-short  = {AulaOr}}
 @String {AusgrFu-short  = {AusgrFu}}
 @String {AusgrFuWestf-short  = {AusgrFuWestf}}
 @String {AustrRom-short  = {AustrRom}}
 @String {AUTerr-short  = {AUTerr}}
 @String {AUWE-short  = {AUWE}}
 @String {AV-short  = {AV}}
 @String {AVen-short  = {AVen}}
 @String {AVes-short  = {AVes}}
 @String {AViva-short  = {AViva}}
 @String {AvP-short  = {AvP}}
 @String {AW-short  = {AW}}
 @String {AyasofyaMuezYil-short  = {AyasofyaMüzYıl}}%*Abweichung!
 @String {AZ-short  = {AZ}}
 @String {Azotea-short  = {Azotea}}
 @String {BA-short  = {BA}}
 @String {Baalbek-short  = {Baalbek}}
 @String {BAAlger-short  = {BAAlger}}
 @String {BABarcel-short  = {BABarcel}}
 @String {BABesch-short  = {BABesch}}
 @String {BAcRHist-short  = {BAcRHist}}
 @String {BACopt-short  = {BACopt}}
 @String {BadFuBer-short  = {BadFuBer}}
 @String {Baetica-short  = {Baetica}}
 @String {BaF-short  = {BaF}}
 @String {BalacaiKoez-short  = {BalacaiKöz}}%*Abweichung!
 @String {BalkSt-short  = {BalkSt}}
 @String {BALond-short  = {BALond}}
 @String {BALux-short  = {BALux}}
 @String {BaM-short  = {BaM}}
 @String {BAMaroc-short  = {BAMaroc}}
 @String {BAmSocP-short  = {BAmSocP}}
 @String {BAncOrMus-short  = {BAncOrMus}}
 @String {BAngers-short  = {BAngers}}
 @String {BAngloIsrASoc-short  = {BAngloIsrASoc}}
 @String {BAnnMusFerr-short  = {BAnnMusFerr}}
 @String {BAntFr-short  = {BAntFr}}
 @String {BAntLux-short  = {BAntLux}}
 @String {BAParis-short  = {BAParis}}
 @String {BAProv-short  = {BAProv}}
 @String {BAR-short  = {BAR}}
 @String {BArchAlex-short  = {BArchAlex}}
 @String {BArchit-short  = {BArchit}}
 @String {BARIntSer-short  = {BARIntSer}}
 @String {BASard-short  = {BASard}}
 @String {BAsEspA-short  = {BAsEspA}}
 @String {BAsInst-short  = {BAsInst}}
 @String {BASOR-short  = {BASOR}}
 @String {BAssBude-short  = {BAssBudé}}%*Abweichung!
 @String {BAssMosAnt-short  = {BAssMosAnt}}
 @String {BASub-short  = {BASub}}
 @String {BASudEstEur-short  = {BASudEstEur}}
 @String {BATarr-short  = {BATarr}}
 @String {BAur-short  = {BAur}}
 @String {BAVA-short  = {BAVA}}
 @String {BayVgBl-short  = {BayVgBl}}
 @String {BBasil-short  = {BBasil}}
 @String {BBelgRom-short  = {BBelgRom}}
 @String {BBolsena-short  = {BBolsena}}
 @String {BBrByzSt-short  = {BBrByzSt}}
 @String {BCamuno-short  = {BCamuno}}
 @String {BCASic-short  = {BCASic}}
 @String {BCercleNum-short  = {BCercleNum}}
 @String {BCH-short  = {BCH}}
 @String {BCircNumNap-short  = {BCircNumNap}}
 @String {BCl-short  = {BCl}}
 @String {BClevMus-short  = {BClevMus}}
 @String {BCom-short  = {BCom}}
 @String {BCord-short  = {BCord}}
 @String {BdA-short  = {BdA}}
 @String {BdE-short  = {BdE}}
 @String {BdEC-short  = {BdEC}}
 @String {BdI-short  = {BdI}}
 @String {BDirRom-short  = {BDirRom}}
 @String {BeazleyAddenda2-short  = {Beazley Addenda\textsuperscript{2}}}%*Abweichung!
 @String {BeazleyPara-short  = {Beazley, Para.}}%*Abweichung!
 @String {BEcAntNimes-short  = {BEcAntNîmes}}%*Abweichung!
 @String {BediKart-short  = {BediKart}}
 @String {BEFAR-short  = {BEFAR}}
 @String {BeitrESkAr-short  = {BeitrESkAr}}
 @String {BeitrNamF-short  = {BeitrNamF}}
 @String {BeitrSudanF-short  = {BeitrSudanF}}
 @String {BelArt-short  = {BelArt}}
 @String {Belleten-short  = {Belleten}}
 @String {Benacus-short  = {Benacus}}
 @String {BerBayDenkmPfl-short  = {BerBayDenkmPfl}}
 @String {BerDFG-short  = {BerDFG}}
 @String {BerlBeitrArchaeom-short  = {BerlBeitrArchäom}}%*Abweichung!
 @String {BerlBlVFruehGesch-short  = {BerlBlVFrühGesch}}%*Abweichung!
 @String {BerlJbVFruehGesch-short  = {BerlJbVFrühGesch}}%*Abweichung!
 @String {BerlMus-short  = {BerlMus}}
 @String {BerlNumZ-short  = {BerlNumZ}}
 @String {BerOudhBod-short  = {BerOudhBod}}
 @String {BerRGK-short  = {BerRGK}}
 @String {BerVerhLeipz-short  = {BerVerhLeipz}}
 @String {Berytus-short  = {Berytus}}
 @String {BEspA-short  = {BEspA}}
 @String {BEspOr-short  = {BEspOr}}
 @String {BEtOr-short  = {BEtOr}}
 @String {BFilGrPadova-short  = {BFilGrPadova}}
 @String {BFilLingSic-short  = {BFilLingSic}}
 @String {BFlegr-short  = {BFlegr}}
 @String {BFoligno-short  = {BFoligno}}
 @String {BHarvMus-short  = {BHarvMus}}
 @String {BIasos-short  = {BIasos}}
 @String {BibAr-short  = {BibAr}}
 @String {BiblClOr-short  = {BiblClOr}}
 @String {BiblSymb-short  = {BiblSymb}}
 @String {BIBulg-short  = {BIBulg}}
 @String {BICS-short  = {BICS}}
 @String {BIFAO-short  = {BIFAO}}
 @String {BInfCentumcellae-short  = {BInfCentumcellae}}
 @String {BInfCESDAE-short  = {BInfCESDAE}}
 @String {BiogrZbor-short  = {BiogrZbor}}
 @String {BiOr-short  = {BiOr}}
 @String {BIstOrvieto-short  = {BIstOrvieto}}
 @String {BJaen-short  = {BJaen}}%*Abweichung!
 @String {BJb-short  = {BJb}}
 @String {BJerus-short  = {BJerus}}
 @String {BLaborMusLouvre-short  = {BLaborMusLouvre}}
 @String {BLazioMerid-short  = {BLazioMerid}}
 @String {BLikUm-short  = {BLikUm}}
 @String {BlMueFreundeF-short  = {BlMüFreundeF}}%*Abweichung!
 @String {BLugo-short  = {BLugo}}
 @String {BMCGreekCoins-short  = {BMC Greek Coins}}%*Abweichung!
 @String {BMCOR-short  = {BMCOR}}
 @String {BMCRE-short  = {BMCRE}}
 @String {BMCRRI-III-short  = {BMCRR I--III}}%*Abweichung!
 @String {BMetrMus-short  = {BMetrMus}}
 @String {BMon-short  = {BMon}}
 @String {BMonMusPont-short  = {BMonMusPont}}
 @String {BMQ-short  = {BMQ}}
 @String {BMQNSuppl-short  = {BMQNSuppl}}
 @String {BMusBeyrouth-short  = {BMusBeyrouth}}
 @String {BMusBrux-short  = {BMusBruxs}}
 @String {BMusCadiz-short  = {BMusCadiz}}
 @String {BMusCivRom-short  = {BMusCivRom}}
 @String {BMusFA-short  = {BMusFA}}
 @String {BMusHongr-short  = {BMusHongr}}
 @String {BMusMadr-short  = {BMusMadr}}
 @String {BMusMich-short  = {BMusMich}}
 @String {BMusMonaco-short  = {BMusMonaco}}
 @String {BMusPadova-short  = {BMusPadova}}
 @String {BMusPBelArt-short  = {BMusPBelArt}}
 @String {BMusRom-short  = {BMusRom}}
 @String {BMusVars-short  = {BMusVars}}
 @String {BMusZaragoza-short  = {BMusZaragoza}}
 @String {BNumParis-short  = {BNumParis}}
 @String {BNumRoma-short  = {BNumRoma}}
 @String {Bogazkoey-Hattusa-short  = {Boğazköy-Hattuša}}%*Abweichung!
 @String {Bolskan-short  = {Bolskan}}
 @String {BonnHVg-short  = {BonnHVg}}
 @String {BOntMus-short  = {BOntMus}}
 @String {Boreas-short  = {Boreas}}
 @String {BoreasUpps-short  = {BoreasUpps}}
 @String {BPeintRom-short  = {BPeintRom}}
 @String {BPI-short  = {BPI}}
 @String {BPrehistAlp-short  = {BPI}}%*Abweichung!
 @String {BProAvent-short  = {BProAvent}}
 @String {BProvidence-short  = {BProvidence}}
 @String {BracAug-short  = {BracAug}}
 @String {BracaraAugusta-short  = {BracaraAugusta}}
 @String {BremABl-short  = {BremABl}}
 @String {BRest-short  = {BRest}}
 @String {Brigantium-short  = {Brigantium}}
 @String {BrMusYearbook-short  = {BrMusYearbook}}
 @String {BSA-short  = {BSA}}
 @String {BSAA-short  = {BSAA}}
 @String {BSFE-short  = {BSFE}}
 @String {BSiena-short  = {BSiena}}
 @String {BSOAS-short  = {BSOAS}}
 @String {BSocAChamp-short  = {BSocAChamp}}
 @String {BSocBiblReinach-short  = {BSocBiblReinach}}
 @String {BSocNumRom-short  = {BSocNumRom}}
 @String {BSR-short  = {BSR}}
 @String {BStLat-short  = {BStLat}}
 @String {BStorArt-short  = {BStorArt}}
 @String {BTextilAnc-short  = {BStorArt}}
 @String {BTorino-short  = {BTorino}}
 @String {BTravTun-short  = {BTravTun}}
 @String {BudReg-short  = {BudReg}}
 @String {BulletinGetty-short  = {BulletinGetty}}
 @String {BulletinNorthampton-short  = {BulletinNorthampton}}
 @String {BVallad-short  = {BVallad}}
 @String {BVitoria-short  = {BVitoria}}
 @String {BWaltersArtGal-short  = {BWaltersArtGal}}
 @String {BWPr-short  = {BWPr}}
 @String {Byzantina-short  = {Byzantina}}
 @String {ByzF-short  = {ByzF}}
 @String {ByzJb-short  = {ByzJb}}
 @String {ByzZ-short  = {ByzZ}}
 @String {BZ-short  = {BZ}}
 @String {CAA-short  = {CAA}}
 @String {CAD-short  = {CAD}}
 @String {CadA-short  = {CadA}}
 @String {Caesaraugusta-short  = {Caesaraugusta}}
 @String {Caesarodunum-short  = {Caesarodunum}}
 @String {CAH-short  = {CAH}}
 @String {CahArmeeRom-short  = {CahArmeeRom}}
 @String {CahASubaqu-short  = {CahASubaqu}}
 @String {CahByrsa-short  = {CahByrsa}}
 @String {CahCEC-short  = {CahCEC}}
 @String {CahCerEg-short  = {CahCerEg}}
 @String {CahDelFrIran-short  = {CahDelFrIran}}
 @String {CahGlotz-short  = {CahGlotz}}
 @String {CahKarnak-short  = {CahKarnak}}
 @String {CahLig-short  = {CahLig}}
 @String {CahMariemont-short  = {CahMariemont}}
 @String {CahMusChampollion-short  = {CahMusChampollion}}
 @String {CahPEg-short  = {CahPEg}}
 @String {CahRhod-short  = {CahRhod}}
 @String {CahTun-short  = {CahTun}}
 @String {CalifStClAnt-short  = {CalifStClAnt}}
 @String {CambrAJ-short  = {CambrAJ}}
 @String {CArch-short  = {CArch}}
 @String {CarinthiaI-short  = {Carinthia I}}%*Abweichung!
 @String {CarnuntumJb-short  = {CarnuntumJb}}
 @String {Carpica-short  = {Carpica}}
 @String {Carrobbio-short  = {Carrobbio}}
 @String {CAT-short  = {CAT}}
 @String {CE-short  = {CE}}
 @String {CEDAC-short  = {CEDAC}}
 @String {CEFR-short  = {CEFR}}
 @String {Celticum-short  = {Celticum}}
 @String {CercA-short  = {CercA}}
 @String {CercNum-short  = {CercNum}}
 @String {Chiron-short  = {Chiron}}
 @String {ChronEg-short  = {ChronEg}}
 @String {CIA-short  = {CIA}}
 @String {CIE-short  = {CIE}}
 @String {CIG-short  = {CIG}}
 @String {CIH-short  = {CIH}}
 @String {CIL-short  = {CIL}}
 @String {CincArtB-short  = {CincArtB}}
 @String {CIS-short  = {CIS}}
 @String {CIstAMilano-short  = {CIstAMilano}}
 @String {CivClCr-short  = {CivClCr}}
 @String {CivPad-short  = {CivPad}}
 @String {ClAnt-short  = {ClAnt}}
 @String {ClevStHistArt-short  = {ClevStHistArt}}
 @String {Clio-short  = {Clio}}
 @String {ClIre-short  = {ClIre}}
 @String {ClJ-short  = {ClJ}}
 @String {ClMediaev-short  = {ClMediaev}}
 @String {ClPhil-short  = {ClPhil}}
 @String {ClQ-short  = {ClQ}}
 @String {ClR-short  = {ClR}}
 @String {ClRh-short  = {ClRh}}
 @String {CMatAOr-short  = {CMatAOr}}
 @String {CMGr-short  = {CMGr}}
 @String {CMS-short  = {CMS}}
 @String {CoinHoards-short  = {Coin Hoards}}%*Abweichung!
 @String {ColloquiSod-short  = {ColloquiSod}}
 @String {CommunicAHung-short  = {CommunicAHung}}
 @String {Complutum-short  = {Complutum}}
 @String {Conoscenze-short  = {Conoscenze}}
 @String {Corduba-short  = {Corduba}}
 @String {Corinth-short  = {Corinth}}
 @String {CRAI-short  = {CRAI}}
 @String {CretAnt-short  = {CretAnt}}
 @String {CretSt-short  = {CretSt}}
 @String {CronA-short  = {CronA}}
 @String {CronErcol-short  = {CronErcol}}
 @String {CronPomp-short  = {CronPomp}}
 @String {CRPetersbourg-short  = {CRPetersbourg}}%*Abweichung!
 @String {CSE-short  = {CSE}}
 @String {CSIR-short  = {CSIR}}
 @String {CSSpecPisa-short  = {CSSpecPisa}}
 @String {CuadAMed-short  = {CuadAMed}}
 @String {CuadArquitRom-short  = {CuadArquitRom}}
 @String {CuadCastellon-short  = {CuadCastellon}}
 @String {CuadCat-short  = {CuadCat}}
 @String {CuadFilCl-short  = {CuadFilCl}}
 @String {CuadGallegos-short  = {CuadGallegos}}
 @String {CuadGranada-short  = {CuadGranada}}
 @String {CuadNavarra-short  = {CuadNavarra}}
 @String {CuadPrehistA-short  = {CuadPrehistA}}
 @String {CuadRom-short  = {CuadRom}}
 @String {CuPaUAM-short  = {CuPaUAM}}
 @String {CVA-short  = {CVA}}
 @String {CZero-short  = {CZero}}
 @String {DAA-short  = {DAA}}
 @String {Dacia-short  = {Dacia}}
 @String {DACL-short  = {DACL}}
 @String {Dacoromania-short  = {Dacoromania}}
 @String {DaF-short  = {DaF}}
 @String {Daidalos-short  = {Daidalos}}
 @String {DAIGeschDok-short  = {DAIGeschDok}}
 @String {DaM-short  = {DaM}}
 @String {Daremberg-Saglio-short  = {Daremberg -- Saglio}}%*Abweichung!
 @String {DebrecMuzEvk-short  = {DebrecMuzEvk}}
 @String {Dedalo-short  = {Dédalo}}%*Abweichung!
 @String {Delos-short  = {Delos}}%*Abweichung!
 @String {DeltChrA-short  = {DeltChrA}}
 @String {Demircihueyuek-short  = {Demircihüyük}}%*Abweichung!
 @String {DeMuseus-short  = {DeMuseus}}
 @String {DenkmPflBadWuert-short  = {DenkmPflBadWürt}}%*Abweichung!
 @String {DenkschrWien-short  = {DenkschrWien}}
 @String {Diadora-short  = {Diadora}}
 @String {DialA-short  = {DialA}}
 @String {DialHistAnc-short  = {DialHistAnc}}
 @String {Dike-short  = {Dike}}
 @String {Dioniso-short  = {Dioniso}}
 @String {DiskAB-short  = {DiskAB}}
 @String {DKuDenkmPfl-short  = {DKuDenkmPfl}}
 @String {DLZ-short  = {DLZ}}
 @String {DNP-short  = {DNP}}
 @String {DocAlb-short  = {DocAlb}}
 @String {DocALouv-short  = {DocALouv}}
 @String {DocAMerid-short  = {DocAMerid}}
 @String {DocEmRom-short  = {DocEmRom}}
 @String {Dodone-short  = {Dodone}}
 @String {DOP-short  = {DOP}}
 @String {DossAlet-short  = {DossAlet}}
 @String {DossAParis-short  = {DossAParis}}
 @String {Dura-Europos-short  = {Dura-Europos}}
 @String {EAA-short  = {EAA}}
 @String {EAE-short  = {EAE}}
 @String {EastWest-short  = {EastWest}}
 @String {EcAntNimes-short  = {EcAntNimes}}
 @String {EchosCl-short  = {EchosCl}}
 @String {eDAI-F-short  = {eDAI-F}}
 @String {eDAI-J-short  = {eDAI-J}}
 @String {EgA-short  = {EgA}}
 @String {Egnatia-short  = {Egnatia}}
 @String {EgVicOr-short  = {EgVicOr}}
 @String {Eikasmos-short  = {Eikasmos}}
 @String {Eirene-short  = {Eirene}}
 @String {Elenchos-short  = {Elenchos}}
 @String {Ellenika-short  = {Ellenika}}
 @String {Emerita-short  = {Emerita}}
 @String {EmPrerom-short  = {EmPrerom}}
 @String {Empuries-short  = {Empúries}}%*Abweichung!
 @String {Enalia-short  = {Enalia}}
 @String {EnaliaAnn-short  = {EnaliaAnn}}
 @String {Enchoria-short  = {Enchoria}}
 @String {Eos-short  = {Eos}}
 @String {EpetBoiotMel-short  = {EpetBoiotMel}}
 @String {EpetByzSpud-short  = {EpetByzSpud}}
 @String {EpetKyklMel-short  = {EpetKyklMel}}
 @String {EphemDac-short  = {EphemDac}}
 @String {EphemNapoc-short  = {EphemNapoc}}
 @String {EpigrAnat-short  = {EpigrAnat}}
 @String {EpistEpetAth-short  = {EpistEpetAth}}
 @String {EpistEpetPolytThess-short  = {EpistEpetPolytThess}}
 @String {EpistEpetThess-short  = {EpistEpetThess}}
 @String {EPRO-short  = {EPRO}}
 @String {Eranos-short  = {Eranos}}
 @String {EranosJb-short  = {EranosJb}}
 @String {Eretria-short  = {Eretria}}
 @String {Eretz-Israel-short  = {Eretz-Israel}}
 @String {Ergon-short  = {Ergon}}
 @String {ESA-short  = {ESA}}
 @String {EspacioHist-short  = {EspacioHist}}
 @String {EstMadr-short  = {EstMadr}}
 @String {EstZaragoza-short  = {EstZaragoza}}
 @String {EtACl-short  = {EtACl}}
 @String {EtCl-short  = {EtCl}}
 @String {EtClAix-short  = {EtClAix}}
 @String {EtCret-short  = {EtCret}}
 @String {Ethnos-short  = {Ethnos}}
 @String {EtP-short  = {EtP}}
 @String {EtPezenas-short  = {EtPézenas}}%*Abweichung!
 @String {EtrSt-short  = {EtrSt}}
 @String {Etruscans-short  = {Etruscans}}
 @String {EtTrav-short  = {EtTrav}}
 @String {Eulimene-short  = {Eulimene}}
 @String {Eunomia-short  = {Eunomia}}
 @String {Euphrosyne-short  = {Euphrosyne}}
 @String {EurAnt-short  = {EurAnt}}
 @String {EurRHist-short  = {EurRHist}}
 @String {Eutopia-short  = {Eutopia}}
 @String {EVP-short  = {EVP}}
 @String {ExcIsr-short  = {ExcIsr}}
 @String {Expedition-short  = {Expedition}}
 @String {ExtremA-short  = {ExtremA}}
 @String {FA-short  = {FA}}
 @String {FAAK-short  = {FAAK}}
 @String {Faenza-short  = {Faenza}}
 @String {FAVA-short  = {FAVA}}
 @String {Faventia-short  = {Faventia}}
 @String {FBerBadWuert-short  = {FBerBadWürt}}%*Abweichung!
 @String {FdC-short  = {FdC}}
 @String {FdD-short  = {FdD}}
 @String {FdX-short  = {FdX}}
 @String {FeddersenWierde-short  = {Feddersen Wierde}}%*Abweichung!
 @String {FelRav-short  = {FelRav}}
 @String {FGrHist-short  = {FGrHistr}}
 @String {FHG-short  = {FHG}}
 @String {FiA-short  = {FiA}}
 @String {FichEpigr-short  = {FichEpigr}}
 @String {FiE-short  = {FiE}}
 @String {FIFAO-short  = {FIFAO}}
 @String {Figlina-short  = {Figlina}}
 @String {Florentia-short  = {Florentia}}
 @String {FlorIl-short  = {FlorIl}}
 @String {FMRD-short  = {FMRD}}
 @String {FMROe-short  = {FMRÖ}}%*Abweichung!
 @String {FoggArtMusAcqu-short  = {FoggArtMusAcqu}}
 @String {FolA-short  = {FolA}}
 @String {FolOr-short  = {FolOr}}
 @String {Fonaments-short  = {Fonaments}}
 @String {Fondamenti-short  = {Fondamenti}}
 @String {FontAPos-short  = {FontAPos}}
 @String {Fontes-short  = {Fontes}}
 @String {Forlimpopoli-short  = {Forlimpopoli}}
 @String {Fornvaennen-short  = {Fornvännen}}%*Abweichung!
 @String {Forum-short  = {Forum}}
 @String {FR-short  = {FR}}
 @String {FruehMitAltSt-short  = {FrühMitAltSt}}%*Abweichung!
 @String {FuAusgrTrier-short  = {FuAusgrTrier}}
 @String {FuB-short  = {FuB}}
 @String {FuBerBadWuert-short  = {FuBerBadWürt}}%*Abweichung!
 @String {FuBerHessen-short  = {FuBerHessen}}
 @String {FuBerOe-short  = {FuBerÖ}}%*Abweichung!
 @String {FuBerSchwab-short  = {FuBerSchwab}}
 @String {FuF-short  = {FuF}}
 @String {FuWien-short  = {FuWien}}
 @String {GacNum-short  = {GacNum}}
 @String {Gades-short  = {Gades}}
 @String {Gallaecia-short  = {Gallaecia}}
 @String {Gallia-short  = {Gallia}}
 @String {GalliaInf-short  = {GalliaInf}}
 @String {GalliaInfAReg-short  = {GalliaInfAReg}}
 @String {GalliaPrehist-short  = {GalliaPrehist}}
 @String {GaR-short  = {GaR}}
 @String {GazBA-short  = {GazBA}}
 @String {Genava-short  = {Genava}}
 @String {GeoAnt-short  = {GeoAnt}}
 @String {Germania-short  = {Germania}}
 @String {Gesta-short  = {Gesta}}
 @String {GettyMusJ-short  = {GettyMusJ}}
 @String {GFA-short  = {GFA}}
 @String {GGA-short  = {GGA}}
 @String {GiornFilFerr-short  = {GiornFilFerr}}
 @String {GiornItFil-short  = {GiornItFil}}
 @String {GiornStorLun-short  = {GiornStorLun}}
 @String {GiRoccPalermo-short  = {GiRoccPalermo}}
 @String {Gladius-short  = {Gladius}}
 @String {GlasAJ-short  = {GlasAJ}}
 @String {GlasBeograd-short  = {GlasBeograd}}
 @String {GlasSarajevo-short  = {GlasSarajevo}}
 @String {Glotta-short  = {Glotta}}
 @String {Gnomon-short  = {Gnomon}}
 @String {GodDepA-short  = {GodDepA}}
 @String {GodMuzPlov-short  = {GodMuzPlov}}
 @String {GodMuzSof-short  = {GodMuzSof}}
 @String {GodZborSkopje-short  = {GodZborSkopje}}
 @String {GorLet-short  = {GorLet}}
 @String {GoettMisz-short  = {GöttMisz}}%*Abweichung!
 @String {GraRaspr-short  = {GraRaspr}}
 @String {GrazBeitr-short  = {GrazBeitr}}
 @String {GrLatOr-short  = {GrLatOr}}
 @String {GrLatPrag-short  = {GrLatPrag}}
 @String {GrRomByzSt-short  = {GrRomByzSt}}
 @String {Gymnasium-short  = {Gymnasium}}
 @String {Habis-short  = {Habis}}
 @String {HallWPr-short  = {HallWPr}}
 @String {Hama-short  = {Hama}}
 @String {HambBeitrA-short  = {HambBeitrA}}
 @String {HambBeitrNum-short  = {HambBeitrNum}}
 @String {Handlingar-short  = {Handlingar}}
 @String {HarvStClPhil-short  = {HarvStClPhil}}
 @String {HarvTheolR-short  = {HarvTheolR}}
 @String {HASB-short  = {HASB}}
 @String {HAW-short  = {HAW}}
 @String {HdArch-short  = {HdArch}}
 @String {Head-short  = {Head}}
 @String {Helbig-short  = {Helbig}}
 @String {Helike-short  = {Helike}}
 @String {Helikon-short  = {Helikon}}
 @String {Helinium-short  = {Helinium}}
 @String {Helios-short  = {Helios}}
 @String {HellenikaJb-short  = {HellenikaJb}}
 @String {HelvA-short  = {HelvA}}
 @String {Hephaistos-short  = {Hephaistos}}
 @String {Hermes-short  = {Hermes}}
 @String {Herrscherbild-short  = {Herrscherbild}}
 @String {Hesperia-short  = {Hesperia}}
 @String {Hispania-short  = {Hispania}}
 @String {HispAnt-short  = {HispAnt}}
 @String {HispAntEpigr-short  = {HispAntEpigra}}
 @String {HispEpigr-short  = {HispEpigr}}
 @String {HistAnthr-short  = {HistAnthr}}
 @String {HistArt-short  = {HistArt}}
 @String {Historia-short  = {Historia}}
 @String {Historica-short  = {Historica}}
 @String {Histria-short  = {Histria}}
 @String {HistriaA-short  = {HistriaA}}
 @String {HistriaAnt-short  = {HistriaAnt}}
 @String {HistSprF-short  = {HistSprF}}
 @String {HKL-short  = {HKL}}
 @String {Horos-short  = {Horos}}
 @String {HSS-short  = {HSS}}
 @String {HuelvaA-short  = {HuelvaA}}
 @String {HumBild-short  = {HumBild}}
 @String {Hyp-short  = {Hyp}}
 @String {HZ-short  = {HZ}}
 @String {IA-short  = {IA}}
 @String {Iberia-short  = {Iberia}}
 @String {IEJ-short  = {IEJ}}
 @String {IG-short  = {IG}}
 @String {IGCH-short  = {IGCH}}
 @String {IGR-short  = {IGR}}
 @String {IK-short  = {IK}}
 @String {Ilerda-short  = {Ilerda}}
 @String {Iliria-short  = {Iliria}}
 @String {IllinClSt-short  = {IllinClSt}}
 @String {ILN-short  = {ILN}}
 @String {ILS-short  = {ILS}}
 @String {IndexQuad-short  = {IndexQuad}}
 @String {IndogermF-short  = {IndogermF}}
 @String {IndUnArtB-short  = {IndUnArtB}}
 @String {InsFulc-short  = {InsFulc}}
 @String {InstNautAQ-short  = {InstNautAQ}}
 @String {IntJClTrad-short  = {IntJClTrad}}
 @String {IntJNautA-short  = {IntJNautA}}
 @String {IntZSchauBibelWiss-short  = {IntZSchauBibelWiss}}
 @String {InvLuc-short  = {InvLuc}}
 @String {Ipek-short  = {Ipek}}
 @String {Iran-short  = {Iran}}
 @String {IrAnt-short  = {IrAnt}}
 @String {IsrMusJ-short  = {IsrMusJ}}
 @String {IsrMusN-short  = {IsrMusN}}
 @String {IsrMusStA-short  = {IsrMusStA}}
 @String {IsrNumJ-short  = {IsrNumJ}}
 @String {IstanbAMuezYil-short  = {IstanbAMüzYıl}}%*Abweichung!
 @String {IstForsch-short  = {IstForsch}}
 @String {Isthmia-short  = {Isthmia}}
 @String {IstMitt-short  = {IstMitt}}
 @String {Italica-short  = {Italica}}
 @String {ItNostr-short  = {ItNostr}}
 @String {IzvBurgas-short  = {IzvBurgas}}
 @String {IzvMuzJuzBalg-short  = {IzvMuzJužBalg}}%*Abweichung!
 @String {IzvVarna-short  = {IzvVarna}}
 @String {Jabega-short  = {Jábega}}%*Abweichung!
 @String {JadrZbor-short  = {JadrZbor}}
 @String {JAOS-short  = {JAOS}}
 @String {JARCE-short  = {JARCE}}
 @String {JASc-short  = {JASc}}
 @String {JbAC-short  = {JbAC}}
 @String {JbAkMainz-short  = {JbAkMainz}}
 @String {JbBadWuert-short  = {JbBadWürt}}%*Abweichung!
 @String {JbBerlMus-short  = {JbBerlMus}}
 @String {JbBernHistMus-short  = {JbBernHistMus}}
 @String {JberAugst-short  = {JberAugst}}
 @String {JberBasel-short  = {JberBasel}}
 @String {JberBayDenkmPfl-short  = {JberBayDenkmPfl}}
 @String {JberProVindon-short  = {JberProVindon}}
 @String {JberVgFrankf-short  = {JberVgFrankf}}
 @String {JberZuerich-short  = {JberZürich}}%*Abweichung!
 @String {JbGoett-short  = {JbGött}}%*Abweichung!
 @String {JbHambKuSamml-short  = {JbHambKuSamml}}
 @String {JbKHMWien-short  = {JbKHMWien}}
 @String {JbKHSWien-short  = {JbKHSWien}}
 @String {JbKleinasF-short  = {JbKleinasF}}
 @String {JbMuench-short  = {JbMünch}}%*Abweichung!
 @String {JbMusKGHamb-short  = {JbMusKGHamb}}
 @String {JbMusLinz-short  = {JbMusLinz}}
 @String {JbOeByz-short  = {JbÖByz}}%*Abweichung!
 @String {JbPreussKul-short  = {JbPreussKul}}
 @String {JbRGZM-short  = {JbRGZM}}
 @String {JbSchwUrgesch-short  = {JbSchwUrgesch}}
 @String {JCS-short  = {JCS}}
 @String {JdI-short  = {JdI}}
 @String {JEA-short  = {JEA}}
 @String {JEChrSt-short  = {JEChrSt}}
 @String {JEOL-short  = {JEOL}}
 @String {JewelSt-short  = {JewelSt}}
 @String {JFieldA-short  = {JFieldA}}
 @String {JGS-short  = {JGS}}
 @String {JHS-short  = {JHS}}
 @String {JIbA-short  = {JIbA}}
 @String {JJurP-short  = {JJurP}}
 @String {JKuGesch-short  = {JKuGesch}}
 @String {JMedA-short  = {JMedA}}
 @String {JMedAnthrA-short  = {JMedAnthrA}}
 @String {JMithrSt-short  = {JMithrSt}}
 @String {JNES-short  = {JNES}}
 @String {JNG-short  = {JNG}}
 @String {JPrehistRel-short  = {JPrehistRel}}
 @String {JRA-short  = {JRA}}
 @String {JRomMilSt-short  = {JRomMilSt}}
 @String {JRomPotSt-short  = {JRomPotSt}}
 @String {JRS-short  = {JRS}}
 @String {JSav-short  = {JSav}}
 @String {JSchrVgHalle-short  = {JSchrVgHalle}}
 @String {JSS-short  = {JSS}}
 @String {JTheorA-short  = {JTheorA}}
 @String {Jura-short  = {Jura}}
 @String {JWaltersArtGal-short  = {JWaltersArtGal}}
 @String {JWCI-short  = {JWCI}}
 @String {Kadmos-short  = {Kadmos}}
 @String {Kairos-short  = {Kairos}}
 @String {Kalapodi-short  = {Kalapodi}}
 @String {Kalathos-short  = {Kalathos}}
 @String {Kalos-short  = {Kalós}}%*Abweichung!
 @String {Karthago-short  = {Karthago}}
 @String {Kemi-short  = {Kêmi}}%*Abweichung!
 @String {Kenchreai-short  = {Kenchreai}}
 @String {KentAR-short  = {KentAR}}
 @String {Keos-short  = {Keos}}
 @String {Kerameikos-short  = {Kerameikos}}
 @String {Kernos-short  = {Kernos}}
 @String {Klearchos-short  = {Klearchos}}
 @String {Kleos-short  = {Kleos}}
 @String {Klio-short  = {Klio}}
 @String {Kodai-short  = {Kodai}}
 @String {KoelnJb-short  = {KölnJb}}%*Abweichung!
 @String {KoelnMusB-short  = {KölnMusB}}%*Abweichung!
 @String {Kokalos-short  = {Kokalos}}
 @String {KollAVA-short  = {KollAVA}}
 @String {Kratylos-short  = {Kratylos}}
 @String {KretChron-short  = {KretChron}}
 @String {KSIA-short  = {KSIA}}
 @String {KSIAKiev-short  = {KSIAKiev}}
 @String {KST-short  = {KST}}
 @String {Ktema-short  = {Ktema}}
 @String {KuGeschAnz-short  = {KuGeschAnz}}
 @String {Kuml-short  = {Kuml}}
 @String {Kunstchronik-short  = {Kunstchronik}}
 @String {KuOr-short  = {KuOr}}
 @String {Kush-short  = {Kush}}
 @String {KuWeltBerlMus-short  = {KuWeltBerlMus}}
 @String {KypA-short  = {KypA}}
 @String {KypSpud-short  = {KypSpud}}
 @String {Labeo-short  = {Labeo}}
 @String {LAe-short  = {LÄ}}%*Abweichung!
 @String {Laietania-short  = {Laietania}}
 @String {Lampas-short  = {Lampas}}
 @String {Lancia-short  = {Lancia}}
 @String {LandKunVierJBl-short  = {LandKunVierJBl}}
 @String {LangOrAnc-short  = {LangOrAnc}}
 @String {Latinitas-short  = {Latinitas}}
 @String {Latomus-short  = {Latomus}}
 @String {Laverna-short  = {Laverna}}
 @String {LCS-short  = {LCS}}
 @String {Levant-short  = {Levant}}
 @String {Lexis-short  = {Lexis}}
 @String {LF-short  = {LF}}
 @String {LibSt-short  = {LibSt}}
 @String {LibyaAnt-short  = {LibyaAnt}}
 @String {LibycaBServAnt-short  = {LibycaBServAnt}}
 @String {LibycaTrav-short  = {LibycaTrav}}
 @String {Liddell-­Scott-Jones-short  = {Liddell -- ­Scott -- Jones}}%*Abweichung!
 @String {LIMC-short  = {LIMC}}
 @String {Limesforschungen-short  = {Limesforschungen}}
 @String {Lindos-short  = {Lindos}}
 @String {LingIt-short  = {LingIt}}
 @String {LTUR-short  = {LTUR}}
 @String {Lucentum-short  = {Lucentum}}
 @String {LundAR-short  = {LundAR}}
 @String {Lustrum-short  = {Lustrum}}
 @String {Lykia-short  = {Lykia}}
 @String {MacActaA-short  = {MacActaA}}
 @String {Maecenas-short  = {Maecenas}}
 @String {MAGesGraz-short  = {MAGesGraz}}
 @String {MAGesStei-short  = {MAGesStei}}
 @String {Maia-short  = {Maia}}
 @String {Mainake-short  = {Mainake}}
 @String {MAInstUngAk-short  = {MAInstUngAk}}
 @String {MainzZ-short  = {MainzZ}}
 @String {MakedNasl-short  = {MakedNasl}}
 @String {Makedonika-short  = {Makedonika}}
 @String {MAMA-short  = {MAMA}}
 @String {MAnthrWien-short  = {MAnthrWien}}
 @String {MAR-short  = {MAR}}
 @String {MarbWPr-short  = {MarbWPr}}
 @String {Marche-short  = {Marche}}
 @String {Mari-short  = {Mari}}
 @String {Marisia-short  = {Marisia}}
 @String {MarNero-short  = {MarNero}}
 @String {Marsyas-short  = {Marsyas}}
 @String {MascaJ-short  = {MascaJ}}
 @String {MascaP-short  = {MascaP}}
 @String {Mastia-short  = {Mastia}}
 @String {MatABSSR-short  = {MatABSSR}}
 @String {MatASevPri-short  = {MatASevPri}}
 @String {MatCercA-short  = {MatCercA}}
 @String {MatIsslA-short  = {MatIsslA}}
 @String {MatStar-short  = {MatStar}}
 @String {MatStarWczes-short  = {MatStarWczes}}
 @String {MatTestiCl-short  = {MatTestiCl}}
 @String {MatWczes-short  = {MatWczes}}
 @String {MAVA-short  = {MAVA}}
 @String {MB-short  = {MB}}
 @String {MBAH-short  = {MBAH}}
 @String {MBlVFruehGesch-short  = {MBlVFrühGesch}}%*Abweichung!
 @String {MDAIK-short  = {MDAIK}}
 @String {MDAVerb-short  = {MDAVerb}}
 @String {MdI-short  = {MdI}}
 @String {MDOG-short  = {MDOG}}
 @String {Meander-short  = {Meander}}
 @String {MedA-short  = {MedA}}
 @String {MedAnt-short  = {MedAnt}}
 @String {MeddelGlypt-short  = {MeddelGlypt}}
 @String {MeddelLund-short  = {MeddelLund}}
 @String {MeddelThor-short  = {MeddelThor}}
 @String {MededRom-short  = {MededRom}}
 @String {MedelhavsMusB-short  = {MedelhavsMusB}}
 @String {MedHistR-short  = {MedHistR}}
 @String {MedievA-short  = {MedievA}}
 @String {MediSec-short  = {MediSec}}
 @String {MEFRA-short  = {MEFRA}}
 @String {MelBeyrouth-short  = {MelBeyrouth}}
 @String {MelCasaVelazquez-short  = {MelCasaVelazquez}}
 @String {MemAcInscr-short  = {MemAcInscr}}
 @String {MemAmAc-short  = {MemAmAc}}
 @String {MemAnt-short  = {MemAnt}}
 @String {MemAntFr-short  = {MemAntFr}}
 @String {MemBarcelA-short  = {MemBarcelA}}
 @String {MemBologna-short  = {MemBologna}}
 @String {MemHistAnt-short  = {MemHistAnt}}
 @String {MemInstNatFr-short  = {MemInstNatFr}}
 @String {MemLinc-short  = {MemLinc}}
 @String {MemNap-short  = {MemNap}}
 @String {MemPontAc-short  = {MemPontAc}}
 @String {MemStor-short  = {MemStor}}
 @String {MemStorFriuli-short  = {MemStorFriuli}}
 @String {Merida-short  = {Mérida}}%*Abweichung!
 @String {MeridaMem-short  = {MéridaMem}}%*Abweichung!
 @String {Meroitica-short  = {Meroitica}}
 @String {Mesopotamia-short  = {Mesopotamia}}
 @String {Messana-short  = {Messana}}
 @String {Metis-short  = {Métis}}%*Abweichung!
 @String {MetrMusJ-short  = {MetrMusJ}}
 @String {MetrMusSt-short  = {MetrMusSt}}
 @String {MF-short  = {MF}}
 @String {MFruehChrOe-short  = {MFrühChrÖ}}%*Abweichung!
 @String {Milet-short  = {Milet}}
 @String {MilForsch-short  = {MilForsch}}
 @String {MinEpigrP-short  = {MinEpigrP}}
 @String {Minerva-short  = {Minerva}}
 @String {Minos-short  = {Minos}}
 @String {MInstWasser-short  = {MInstWasser}}
 @String {MIO-short  = {MIO}}
 @String {MiscCrAnt-short  = {MiscCrAnt}}
 @String {MiscStStor-short  = {MiscStStor}}
 @String {MitChrA-short  = {MitChrA}}
 @String {MKT-short  = {MKT}}
 @String {MKuHistFlorenz-short  = {MKuHistFlorenz}}
 @String {MKul-short  = {MKul}}
 @String {MM-short  = {MM}}
 @String {Mnemosyne-short  = {Mnemosyne}}
 @String {MOeNumGes-short  = {MÖNumGes}}%*Abweichung!
 @String {MonAnt-short  = {MonAnt}}
 @String {MonInst-short  = {MonInst}}
 @String {MonPiot-short  = {MonPiot}}
 @String {MonPitt-short  = {MonPitt}}
 @String {Mozia-short  = {Mozia}}
 @String {MPraehistKomWien-short  = {MPraehistKomWien}}%*Abweichung!
 @String {MSAtene-short  = {MSAtene}}
 @String {MSchliemann-short  = {MSchliemann}}
 @String {MSchwUrFruehGesch-short  = {MSchwUrFrühGesch}}%*Abweichung!
 @String {MSpaetAByz-short  = {MSpätAByz}}%*Abweichung!
 @String {MueJb-short  = {MüJb}}%*Abweichung!
 @String {MuenchBeitrVFG-short  = {MünchBeitrVFG}}%*Abweichung!
 @String {MuenchStSprWiss-short  = {MünchStSprWiss}}%*Abweichung!
 @String {MuM-short  = {MuM}}
 @String {MusAfr-short  = {MusAfr}}
 @String {MusBenaki-short  = {MusBenaki}}
 @String {MusCrit-short  = {MusCrit}}
 @String {Muse-short  = {Muse}}
 @String {Museon-short  = {Muséon}}%*Abweichung!
 @String {MuseumUnesco-short  = {MuseumUnesco}}
 @String {MusFerr-short  = {MusFerr}}
 @String {MusGalIt-short  = {MusGalIt}}
 @String {MusHaaretz-short  = {MusHaaretz}}
 @String {MusHelv-short  = {MusHelv}}
 @String {MusKoeln-short  = {MusKöln}}%*Abweichung!
 @String {MusNotAmNumSoc-short  = {MusNotAmNumSoc}}
 @String {MusPontevedra-short  = {MusPontevedra}}
 @String {MusRiv-short  = {MusRiv}}
 @String {MusTusc-short  = {MusTusc}}
 @String {MuzEvkSzeged-short  = {MuzEvkSzeged}}
 @String {MuzNa-short  = {MuzNa}}
 @String {MuzPamKul-short  = {MuzPamKul}}
 @String {NachrArbUWA-short  = {NachrArbUWA}}
 @String {NapNobil-short  = {NapNobil}}
 @String {NassAnn-short  = {NassAnn}}
 @String {NAWG-short  = {NAWG}}
 @String {NBWorcArtMus-short  = {NBWorcArtMus}}
 @String {NEphemSemEpigr-short  = {NEphemSemEpigr}}
 @String {NewsletterAthen-short  = {NewsletterAthen}}
 @String {NewsletterPotTech-short  = {NewsletterPotTech}}
 @String {NGWG-short  = {NGWG}}
 @String {NigCl-short  = {NigCl}}
 @String {Nikephoros-short  = {Nikephoros}}
 @String {Nin-short  = {Nin}}
 @String {NNM-short  = {NNM}}
 @String {NomChron-short  = {NomChron}}
 @String {Norba-short  = {Norba}}
 @String {NordNumArs-short  = {NordNumArs}}
 @String {NotABerg-short  = {NotABerg}}
 @String {NotAHisp-short  = {NotAHisp}}
 @String {NotAHispPrehistoria-short  = {NotAHispPrehistoria}}
 @String {NotAllumiere-short  = {NotAllumiere}}
 @String {NotALomb-short  = {NotALomb}}
 @String {NotMilano-short  = {NotMilano}}
 @String {NouvClio-short  = {NouvClio}}
 @String {Novaensia-short  = {Novaensia}}
 @String {NSc-short  = {NSc}}
 @String {NStFan-short  = {NStFan}}
 @String {NubChr-short  = {NubChr}}
 @String {NubLet-short  = {NubLet}}
 @String {NueBlA-short  = {NüBlA}}%*Abweichung!
 @String {NumAntCl-short  = {NumAntCl}}
 @String {Numantia-short  = {Numantia}}
 @String {NumChron-short  = {NumChron}}
 @String {Numen-short  = {Numen}}
 @String {NumEpigr-short  = {NumEpigr}}
 @String {Numisma-short  = {Numisma}}
 @String {NumismaticaRom-short  = {NumismaticaRom}}
 @String {Numizmaticar-short  = {Numizmatičar}}%*Abweichung!
 @String {Nummus-short  = {Nummus}}
 @String {NumZ-short  = {NumZ}}
 @String {NuovDidask-short  = {NuovDidask}}
 @String {OccasPublClSt-short  = {OccasPublClSt}}
 @String {OccOr-short  = {OccOr}}
 @String {OGIS-short  = {OGIS}}
 @String {OeJh-short  = {ÖJh}}%*Abweichung!
 @String {OF-short  = {OF}}
 @String {Offa-short  = {Offa}}
 @String {Ogam-short  = {Ogam}}
 @String {Oikumene-short  = {Oikumene}}
 @String {OIP-short  = {OIP}}
 @String {Olba-short  = {Olba}}
 @String {OlBer-short  = {OlBer}}
 @String {Olympia-short  = {Olympia}}
 @String {Olynthus-short  = {Olynthus}}
 @String {OLZ-short  = {OLZ}}
 @String {OpArch-short  = {OpArch}}
 @String {OpAth-short  = {OpAth}}
 @String {OpFin-short  = {OpFin}}
 @String {OpPomp-short  = {OpPomp}}
 @String {OpRom-short  = {OpRom}}
 @String {Opus-short  = {Opus}}
 @String {Or-short  = {Or}}
 @String {OrA-short  = {OrA}}
 @String {OrAnt-short  = {OrAnt}}
 @String {OrbTerr-short  = {OrbTerr}}
 @String {OrChr-short  = {OrChr}}
 @String {OrChrPer-short  = {OrChrPer}}
 @String {Ordona-short  = {Ordona}}
 @String {Orient-short  = {Orient}}
 @String {Origini-short  = {Origini}}
 @String {Orizzonti-short  = {Orizzonti}}
 @String {Orpheus-short  = {Orpheus}}
 @String {OrpheusThracSt-short  = {OrpheusThracSt}}
 @String {OrSu-short  = {OrSu}}
 @String {OsjZbor-short  = {OsjZbor}}
 @String {OstbGrenzm-short  = {OstbGrenzm}}
 @String {Ostraka-short  = {Ostraka}}
 @String {OudhMeded-short  = {OudhMeded}}
 @String {OxfJA-short  = {OxfJA}}
 @String {OxfStPhilos-short  = {OxfStPhilos}}
 @String {Pact-short  = {Pact}}
 @String {Padusa-short  = {Padusa}}
 @String {PagA-short  = {PagA}}
 @String {PAI-short  = {PAI}}
 @String {Paideuma-short  = {Paideuma}}
 @String {Palaeohistoria-short  = {Palaeohistoria}}
 @String {Paleohispanica-short  = {Paleohispánica}}%*Abweichung!
 @String {Palladio-short  = {Palladio}}
 @String {Pallas-short  = {Pallas}}
 @String {Palmet-short  = {Palmet}}
 @String {PamA-short  = {PamA}}
 @String {Pan-short  = {Pan}}
 @String {PapBilb-short  = {PapBilb}}
 @String {Papyri-short  = {Papyri}}
 @String {Parthica-short  = {Parthica}}
 @String {Partenope-short  = {Partenope}}
 @String {PAS-short  = {PAS}}
 @String {PBF-short  = {PBF}}
 @String {Pegasus-short  = {Pegasus}}
 @String {PEQ-short  = {PEQ}}
 @String {Peristil-short  = {Peristil}}
 @String {Persica-short  = {Persica}}
 @String {Peuce-short  = {Peuce}}
 @String {PF-short  = {PF}}
 @String {Pharos-short  = {Pharos}}
 @String {Philologus-short  = {Philologus}}
 @String {Phoenix-short  = {Phoenix}}
 @String {PhoenixExOrLux-short  = {PhoenixExOrLux}}
 @String {Phoibos-short  = {Phoibos}}
 @String {Phronesis-short  = {Phronesis}}
 @String {Picus-short  = {Picus}}
 @String {LPIR-short  = {LPIR}}
 @String {PKG-short  = {PKG}}
 @String {Platon-short  = {Platon}}
 @String {PLup-short  = {PLup}}
 @String {PolAMed-short  = {PolAMed}}
 @String {Polemon-short  = {Polemon}}
 @String {Polis-short  = {Polis}}
 @String {PompHercStab-short  = {PompHercStab}}
 @String {Pontica-short  = {Pontica}}
 @String {Portugalia-short  = {Portugalia}}
 @String {PP-short  = {PP}}
 @String {PPM-short  = {PPM}}
 @String {PraceA-short  = {PraceA}}
 @String {PraceMatLodz-short  = {PraceMatŁodz}}%*Abweichung!
 @String {Prakt-short  = {Prakt}}
 @String {PraktAkAth-short  = {PraktAkAth}}
 @String {PreistAlp-short  = {PreistAlp}}
 @String {PriloziZagreb-short  = {PriloziZagreb}}
 @String {PrincViana-short  = {PrincViana}}
 @String {ProblIsk-short  = {ProblIsk}}
 @String {ProcAfrClAss-short  = {ProcAfrClAss}}
 @String {ProcCambrPhilSoc-short  = {ProcCambrPhilSoc}}
 @String {ProcDanInstAth-short  = {ProcDanInstAth}}
 @String {ProcPrehistSoc-short  = {ProcPrehistSoc}}
 @String {Prometheus-short  = {Prometheus}}
 @String {ProspAQuad-short  = {ProspAQuad}}
 @String {Prospettiva-short  = {Prospettiva}}
 @String {Prospezioni-short  = {Prospezioni}}
 @String {ProvHist-short  = {ProvHist}}
 @String {ProvLucca-short  = {ProvLucca}}
 @String {PublInstTTMeneses-short  = {PublInstTTMeneses}}
 @String {Pulpudeva-short  = {Pulpudeva}}
 @String {Puteoli-short  = {Puteoli}}
 @String {Pyrenae-short  = {Pyrenae}}
 @String {PZ-short  = {PZ}}
 @String {QDAP-short  = {QDAP}}
 @String {QuadABarcel-short  = {QuadABarcel}}
 @String {QuadACagl-short  = {QuadACagl}}
 @String {QuadACal-short  = {QuadACal}}
 @String {QuadALibya-short  = {QuadALibya}}
 @String {QuadAMant-short  = {QuadAMant}}
 @String {QuadAMess-short  = {QuadAMess}}
 @String {QuadAOst-short  = {QuadAOst}}
 @String {QuadAPiem-short  = {QuadAPiem}}
 @String {QuadAquil-short  = {QuadAquil}}
 @String {QuadAReggio-short  = {QuadAReggio}}
 @String {QuadAVen-short  = {QuadAVen}}
 @String {QuadCast-short  = {QuadCast}}
 @String {QuadCat-short  = {QuadCat}}
 @String {QuadChieti-short  = {QuadChieti}}
 @String {QuadErb-short  = {QuadErb}}
 @String {QuadFriulA-short  = {QuadFriulA}}
 @String {QuadGerico-short  = {QuadGerico}}
 @String {QuadIstFilGr-short  = {QuadIstFilGr}}
 @String {QuadIstLat-short  = {QuadIstLat}}
 @String {QuadLecce-short  = {QuadLecce}}
 @String {QuadMusPontecorvo-short  = {QuadMusPontecorvo}}
 @String {QuadMusSalinas-short  = {QuadMusSalinas}}
 @String {QuadProtost-short  = {QuadProtost}}
 @String {QuadStLun-short  = {QuadStLun}}
 @String {QuadStor-short  = {QuadStor}}
 @String {QuadStorici-short  = {QuadStorici}}
 @String {QuadUrbin-short  = {QuadUrbin}}
 @String {Quaternaria-short  = {Quaternaria}}
 @String {RA-short  = {RA}}
 @String {RAArtLouv-short  = {RAArtLouv}}
 @String {RAC-short  = {RAC}}
 @String {RACFr-short  = {RACFr}}
 @String {RAComo-short  = {RAComo}}
 @String {RACr-short  = {RACr}}
 @String {RadAkZadar-short  = {RadAkZadar}}
 @String {Radiocarbon-short  = {Radiocarbon}}
 @String {RadSplit-short  = {RadSplit}}
 @String {RAE-short  = {RAE}}
 @String {Raggi-short  = {Raggi}}
 @String {RAMadrid-short  = {RAMadrid}}
 @String {RANarb-short  = {RANarb}}
 @String {RAPon-short  = {RAPon}}
 @String {RapWyk-short  = {RapWyk}}
 @String {RArchBiblMus-short  = {RArchBiblMus}}
 @String {RArcheom-short  = {RArcheom}}
 @String {RArtMus-short  = {RArtMus}}
 @String {RassAPiomb-short  = {RassAPiomb}}
 @String {RassLazio-short  = {RassLazio}}
 @String {RassStorSalern-short  = {RassStorSalern}}
 @String {RassVolt-short  = {RassVolt}}
 @String {RAssyr-short  = {RAssyr}}
 @String {Ratiariensia-short  = {Ratiariensia}}
 @String {RAtlMed-short  = {RAtlMed}}
 @String {RavStRic-short  = {RavStRic}}
 @String {Raydan-short  = {Raydan}}
 @String {RB-short  = {RB}}
 @String {RBelgNum-short  = {RBelgNum}}
 @String {RBelgPhilHist-short  = {RBelgPhilHist}}
 @String {LRBK-short  = {LRBK}}
 @String {RCulClMedioev-short  = {RCulClMedioev}}
 @String {RdA-short  = {RdA}}
 @String {RDAC-short  = {RDAC}}
 @String {RdE-short  = {RdE}}
 @String {RDroitsAnt-short  = {RDroitsAnt}}
 @String {RE-short  = {RE}}
 @String {REA-short  = {REA}}
 @String {REByz-short  = {REByz}}
 @String {RecConstantine-short  = {RecConstantine}}
 @String {RechACrac-short  = {RechACrac}}
 @String {RechAlb-short  = {RechAlb}}
 @String {RecMusAlcoi-short  = {RecMusAlcoi}}
 @String {RecTrav-short  = {RecTrav}}
 @String {REG-short  = {REG}}
 @String {ReiCretActa-short  = {ReiCretActa}}
 @String {ReiCretCommunic-short  = {ReiCretCommunic}}
 @String {REL-short  = {REL}}
 @String {Rema-short  = {Rema}}
 @String {RendBologna-short  = {	RendBologna}}
 @String {RendIstLomb-short  = {RendIstLomb}}
 @String {RendLinc-short  = {RendLinc}}
 @String {RendNap-short  = {RendNap}}
 @String {RendPontAc-short  = {RendPontAc}}
 @String {RepMalta-short  = {RepMalta}}
 @String {Reppal-short  = {Reppal}}
 @String {RepSocLibSt-short  = {RepSocLibSt}}
 @String {RES-short  = {RES}}
 @String {REstIber-short  = {REstIber}}
 @String {REtArm-short  = {REtArm}}
 @String {RevEg-short  = {RevEg}}
 @String {RFil-short  = {RFil}}
 @String {RGeorgCauc-short  = {RGeorgCauc}}
 @String {RGF-short  = {RGF}}
 @String {RGuimar-short  = {RGuimar}}
 @String {RHA-short  = {RHA}}
 @String {RheinMusBonn-short  = {RheinMusBonn}}
 @String {RHistArmees-short  = {RHistArmees}}%*Abweichung!
 @String {RHistRel-short  = {RHistRel}}
 @String {RhM-short  = {RhM}}
 @String {RIA-short  = {RIA}}
 @String {RIC-short  = {RIC}}
 @String {RicEgAntCopt-short  = {RicEgAntCopt}}
 @String {RicognA-short  = {RicognA}}
 @String {RicStBrindisi-short  = {RicStBrindisi}}
 @String {RIngIntem-short  = {RIngIntem}}
 @String {RItNum-short  = {RItNum}}
 @String {RlA-short  = {RlA}}
 @String {RLouvre-short  = {RLouvre}}
 @String {RM-short  = {RM}}
 @String {RNum-short  = {RNum}}
 @String {RoczMuzWarsz-short  = {RoczMuzWarsz}}
 @String {RoemOe-short  = {RömÖ}}%*Abweichung!
 @String {RoemQSchr-short  = {RömQSchr}}%*Abweichung!
 @String {Romanobarbarica-short  = {Romanobarbarica}}
 @String {RomGens-short  = {RomGens}}
 @String {RoscherML-short  = {Roscher, ML}}%*Abweichung!
 @String {RossA-short  = {RossA}}
 @String {RPC-short  = {RPC}}
 @String {RPhil-short  = {RPhil}}
 @String {RPortA-short  = {RPortA}}
 @String {RPorto-short  = {RPorto}}
 @String {RRC-short  = {RRC}}
 @String {RSaintonge-short  = {RSaintonge}}
 @String {RScPreist-short  = {RScPreist}}
 @String {RSO-short  = {RSO}}
 @String {RStBiz-short  = {RStBiz}}
 @String {RStCl-short  = {RStCl}}
 @String {RStFen-short  = {RStFen}}
 @String {RStLig-short  = {RStLig}}
 @String {RStMarch-short  = {RStMarch}}
 @String {RStorAnt-short  = {RStorAnt}}
 @String {RStorCal-short  = {RStorCal}}
 @String {RStPomp-short  = {RStPomp}}
 @String {RStPun-short  = {RStPun}}
 @String {RTopAnt-short  = {RTopAnt}}
 @String {Rudiae-short  = {Rudiae}}
 @String {SaalbJb-short  = {SaalbJb}}
 @String {SaarBeitr-short  = {SaarBeitr}}
 @String {SaarStMat-short  = {SaarStMat}}
 @String {Sacer-short  = {Sacer}}
 @String {Saeculum-short  = {Saeculum}}
 @String {SAGA-short  = {SAGA}}
 @String {SaggiFen-short  = {SaggiFen}}
 @String {Saguntum-short  = {Saguntum}}
 @String {Saitabi-short  = {Saitabi}}
 @String {SAK-short  = {SAK}}
 @String {Salduie-short  = {Salduie}}
 @String {Samothrace-short  = {Samothrace}}
 @String {Sandalion-short  = {Sandalion}}
 @String {Sardis-short  = {Sardis}}
 @String {Sargetia-short  = {Sargetia}}
 @String {SarkSt-short  = {SarkSt}}
 @String {Sautuola-short  = {Sautuola}}
 @String {Savaria-short  = {Savaria}}
 @String {SBBerlin-short  = {SBBerlin}}
 @String {SBLeipzig-short  = {SBLeipzig}}
 @String {SBMuenchen-short  = {SBMünchen}}%*Abweichung!
 @String {SborBrno-short  = {SborBrno}}
 @String {SBWien-short  = {SBWien}}
 @String {ScAnt-short  = {ScAnt}}
 @String {SCE-short  = {SCE}}
 @String {SchildStei-short  = {SchildStei}}
 @String {Scholia-short  = {Scholia}}
 @String {SchwMueBl-short  = {SchwMüBl}}%*Abweichung!
 @String {SchwNumRu-short  = {SchwNumRu}}
 @String {ScrCiv-short  = {ScrCiv}}
 @String {ScrClIsr-short  = {ScrClIsr}}
 @String {ScrHieros-short  = {ScrHieros}}
 @String {ScrMed-short  = {ScrMed}}
 @String {SDAIK-short  = {SDAIK}}
 @String {SEG-short  = {SEG}}
 @String {SeminRom-short  = {SeminRom}}
 @String {Semitica-short  = {Semitica}}
 @String {SetubalA-short  = {SetubalA}}
 @String {Sibrium-short  = {Sibrium}}
 @String {SicA-short  = {SicA}}
 @String {SicGymn-short  = {SicGymn}}
 @String {SIG-short  = {SIG}}
 @String {Sileno-short  = {Sileno}}
 @String {SilkRoadArtA-short  = {SilkRoadArtA}}
 @String {SIMA-short  = {SIMA}}
 @String {Simblos-short  = {Simblos}}
 @String {Skyllis-short  = {Skyllis}}
 @String {SlovA-short  = {SlovA}}
 @String {SlovNum-short  = {SlovNum}}
 @String {SMEA-short  = {SMEA}}
 @String {SNG-short  = {SNG}}
 @String {SocGeoAOran-short  = {SocGeoAOran}}
 @String {SoobErmit-short  = {SoobErmit}}
 @String {SoobMuzMoskva-short  = {SoobMuzMoskva}}
 @String {SovA-short  = {SovA}}
 @String {Spal-short  = {Spal}}
 @String {SpNov-short  = {SpNov}}
 @String {Spoletium-short  = {Spoletium}}
 @String {StA-short  = {StA}}
 @String {Stadion-short  = {Stadion}}
 @String {StaedelJb-short  = {StädelJb}}%*Abweichung!
 @String {StAeg-short  = {StAeg}}
 @String {StAlb-short  = {StAlb}}
 @String {StAnt-short  = {StAnt}}
 @String {Starinar-short  = {Starinar}}
 @String {StAWarsz-short  = {StAWarsz}}
 @String {StBiFranc-short  = {StBiFranc}}
 @String {StBitont-short  = {StBitont}}
 @String {StBoT-short  = {StBoT}}
 @String {StCercIstorV-short  = {StCercIstorV}}
 @String {StCercNum-short  = {StCercNum}}
 @String {StCl-short  = {StCl}}
 @String {StClOr-short  = {StClOr}}
 @String {StDocA-short  = {StDocA}}
 @String {StDocHistIur-short  = {StDocHistIur}}
 @String {StEbla-short  = {StEbla}}
 @String {StEgAntPun-short  = {StEgAntPun}}
 @String {SteMat-short  = {SteMat}}
 @String {StEpigrLing-short  = {StEpigrLing}}
 @String {StEtr-short  = {StEtr}}
 @String {StGenu-short  = {StGenu}}
 @String {StHist-short  = {StHist}}
 @String {StiftHambKuSamml-short  = {StiftHambKuSamml}}
 @String {StItFilCl-short  = {StItFilCl}}
 @String {StLatIt-short  = {StLatIt}}
 @String {StMagreb-short  = {StMagreb}}
 @String {StMatStorRel-short  = {StMatStorRel}}
 @String {StOliv-short  = {StOliv}}
 @String {StOr-short  = {StOr}}
 @String {StOrCr-short  = {StOrCr}}
 @String {StP-short  = {StP}}
 @String {StrennaRom-short  = {StrennaRom}}
 @String {StRom-short  = {StRom}}
 @String {StRomagn-short  = {StRomagn}}
 @String {StSalent-short  = {StSalent}}
 @String {StSard-short  = {StSard}}
 @String {StStorRel-short  = {StStorRel}}
 @String {StTardoant-short  = {StTardoant}}
 @String {StTrentStor-short  = {StTrentStor}}
 @String {StTroica-short  = {StTroica}}
 @String {StUrbin-short  = {StUrbin}}
 @String {Sumer-short  = {Sumer}}
 @String {SylvaMala-short  = {Sylva Mala}}%*Abweichung!
 @String {SymbOslo-short  = {SymbOslo}}
 @String {Syria-short  = {Syria}}
 @String {SyrMesopSt-short  = {SyrMesopSt}}
 @String {TAD-short  = {TAD}}
 @String {Talanta-short  = {Talanta}}
 @String {TAM-short  = {TAM}}
 @String {Taras-short  = {Taras}}
 @String {Tarsus-short  = {ETarsus}}
 @String {TAVO-short  = {TAVO}}
 @String {TeherF-short  = {TeherF}}
 @String {Teiresias-short  = {Teiresias}}
 @String {TelAvivJA-short  = {TelAvivJA}}
 @String {TerraAntBalc-short  = {TerraAntBalc}}
 @String {TerraVolsci-short  = {TerraVolsci}}
 @String {Teruel-short  = {Teruel}}
 @String {TextilAnc-short  = {TextilAnc}}
 @String {TheolRu-short  = {TheolRu}}
 @String {ThesCRA-short  = {ThesCRA}}
 @String {Thessalika-short  = {Thessalika}}
 @String {Thessalonike-short  = {Thessalonike}}
 @String {Thieme-Becker-short  = {Thieme -- Becker}}%*Abweichung!
 @String {ThrakChron-short  = {ThrakChron}}
 @String {ThrakEp-short  = {ThrakEp}}
 @String {TIB-short  = {TIB}}
 @String {Tibiscus-short  = {Tibiscus}}
 @String {TiLeon-short  = {TiLeon}}
 @String {Tiryns-short  = {Tiryns}}
 @String {TMA-short  = {TMA}}
 @String {Topoi-short  = {Topoi}}
 @String {Torretta-short  = {Torretta}}
 @String {TourOrleOr-short  = {TourOrleOr}}
 @String {TrabAntrEtn-short  = {TrabAntrEtn}}
 @String {TrabArq-short  = {TrabArq}}
 @String {TrabAssArqPort-short  = {TrabAssArqPort}}
 @String {TrabNavarra-short  = {TrabNavarra}}
 @String {TrabPrehist-short  = {TrabPrehist}}
 @String {Traditio-short  = {Traditio}}
 @String {TransactAmPhilAss-short  = {TransactAmPhilAss}}
 @String {TransactAmPhilosSoc-short  = {TransactAmPhilosSoc}}
 @String {TransactLond-short  = {TransactLond}}
 @String {TravMem-short  = {TravMem}}
 @String {TravToulouse-short  = {TravToulouse}}
 @String {TreMonet-short  = {TreMonet}}
 @String {TribArq-short  = {TribArq}}
 @String {TrudyErmit-short  = {Trudy}}
 @String {TrWPr-short  = {TrWPr}}
 @String {TrZ-short  = {TrZ}}
 @String {TTKY-short  = {TTKY}}
 @String {TueBA-Ar-short  = {TüBA-Ar}}%*Abweichung!
 @String {Tyche-short  = {Tyche}}
 @String {UF-short  = {UF}}
 @String {UPA-short  = {UPA}}
 @String {LUrbe-short  = {L’Urbe}}%*Abweichung!
 @String {UrSchw-short  = {UrSchw}}
 @String {UVB-short  = {UVB}}
 @String {VarSpom-short  = {VarSpom}}
 @String {VDI-short  = {VDI}}
 @String {Vekove-short  = {Vekove}}
 @String {Veleia-short  = {Veleia}}
 @String {VenArt-short  = {VenArt}}
 @String {VerAmstMeded-short  = {VerAmstMeded}}
 @String {Verbanus-short  = {Verbanus}}
 @String {VeteraChr-short  = {VeteraChr}}
 @String {VGesVind-short  = {VGesVind}}
 @String {Vichiana-short  = {Vichiana}}
 @String {VicOr-short  = {VicOr}}
 @String {VigChr-short  = {VigChr}}
 @String {Viminacium-short  = {Viminacium}}
 @String {VisRel-short  = {VisRel}}
 @String {Vitudurum-short  = {Vitudurum}}
 @String {VivScyl-short  = {VivScyl}}
 @String {VizVrem-short  = {VizVrem}}
 @String {VjesAMuzZagreb-short  = {VjesAMuzZagreb}}
 @String {VjesDal-short  = {VjesDal}}
 @String {Wad-al-Hayara-short  = {Wad-al-Hayara}}
 @String {WeltGesch-short  = {WeltGesch}}
 @String {WiadA-short  = {WiadA}}
 @String {WissMBosn-short  = {WissMBosn}}
 @String {WissZBerl-short  = {WissZBerl}}
 @String {WissZHalle-short  = {WissZHalle}}
 @String {WissZJena-short  = {WissZJena}}
 @String {WissZRostock-short  = {WissZRostock}}
 @String {WO-short  = {WO}}
 @String {WorldA-short  = {WorldA}}
 @String {WSt-short  = {WSt}}
 @String {WuerzbJb-short  = {WürzbJb}}%*Abweichung!
 @String {WVDOG-short  = {WVDOG}}
 @String {WZKM-short  = {WZKM}}
 @String {Xenia-short  = {Xenia}}
 @String {XeniaAnt-short  = {XeniaAnt}}
 @String {XeniaKonst-short  = {XeniaKonst}}
 @String {YaleClSt-short  = {YaleClSt}}
 @String {YaleUnivB-short  = {YaleUnivB}}
 @String {ZA-short  = {ZA}}
 @String {ZAAK-short  = {ZAAK}}
 @String {ZAeS-short  = {ZÄS}}%*Abweichung!
 @String {ZAKSSchriften-short  = {ZAKSSchriften}}
 @String {ZAntChr-short  = {ZAntChr}}
 @String {ZAW-short  = {ZAW}}
 @String {ZborMuzBeograd-short  = {ZborMuzBeograd}}
 @String {ZborRadBeograd-short  = {ZborRadBeograd}}
 @String {ZborZadar-short  = {ZborZadar}}
 @String {ZDMG-short  = {ZDMG}}
 @String {ZDPV-short  = {ZDPV}}
 @String {Zephyrus-short  = {Zephyrus}}
 @String {ZEthn-short  = {ZEthn}}
 @String {ZfA-short  = {ZfA}}
 @String {ZfNum-short  = {ZfNum}}
 @String {ZivaAnt-short  = {ZivaAnt}}
 @String {ZKuGesch-short  = {ZKuGesch}}
 @String {ZNW-short  = {ZNW}}
 @String {ZPE-short  = {ZPE}}
 @String {ZSav-short  = {ZSav}}
 @String {ZSchwA-short  = {ZSchwA}}
 @String {ZVerglSprF-short  = {ZVerglSprF}}
%%%%%%%%%%%%%%%%%%%%%%%%%%%%%%%%%%%%%%%%%%%%%%%%%%%%%%%%%%%%%%
%% 															%%
%%	Stand April 2014, Deutsches Archäologisches Institut 	%%      
%%									Bearbeitung: lcb (2015)	%%
%%%%%%%%%%%%%%%%%%%%%%%%%%%%%%%%%%%%%%%%%%%%%%%%%%%%%%%%%%%%%%
%%
%%
%%%%%%%%%%%%%%%%%%%%%%%%%%%%%%%%%%%%%%%%%%%%%%%%%%%%%%%%%%%%%%
%% 															%%
%%      Liste der Abkürzungen für Zeitschriften, Reihen, 	%%
%%		Lexika und häufig zitierte Werke       				%%      
%%															%%
%%%%%%%%%%%%%%%%%%%%%%%%%%%%%%%%%%%%%%%%%%%%%%%%%%%%%%%%%%%%%%
%% 
%% 	Manche Kürzel konnten nicht genau umgesetzt werden. 
%% 	Alle Umlaute, Akzente, etc. werden weggelassen, bzw. 
%%	geändert: "ü-> ue", etc. 
%% 	Diese sind mit "*Abweichung!" gekennzeichnet
%%
%%%%%%%%%%%%%%%%%%%%%%%%%%%%%%%%%%%%%%%%%%%%%%%%%%%%%%%%%%%%%%
%% 															%%
%%	Langname   												%%      
%%															%%
%%%%%%%%%%%%%%%%%%%%%%%%%%%%%%%%%%%%%%%%%%%%%%%%%%%%%%%%%%%%%%
 @String {AA-long = {Archäologischer Anzeiger}}
 @String {AAA-long = {Αρχαιολογικά Ανάλεκτα εξ Αθηνών}}
 @String {AAcque-long = {Archeologia delle acque. Rivista semestrale di antropologia, archeologia, etnografia, storia dell'acqua}}
 @String {AAdv-long = {The Archaeological Advertiser}}
 @String {AAJ-long = {Annual of the Department of Antiquities of Jordan}}
 @String {AAlpi-long = {Archeologia delle Alpi}}
 @String {AarbKob-long = {Aarbøger for nordisk oldkyndighed og historie}}%*Abweichung!
 @String {AArchit-long = {Archeologia dell'architettura}}
 @String {AAS-long = {Les annales archéologiques arabes syriennes}}
 @String {AASOR-long = {The Annual of the American Schools of Oriental Research}}
 @String {AAusgrBadWuert-long = {Archäologische Ausgrabungen in Baden-Württemberg}}%*Abweichung!
 @String {AAustr-long = {Archaeologia Austriaca}}
 @String {ABADY-long = {Archäologische Berichte aus dem Yemen}}
 @String {AbhBerlin-long = {Abhandlungen der Deutschen Akademie der Wissenschaften zu Berlin}}
 @String {AbhDuesseldorf-long = {Abhandlungen der Rheinisch-Westfälischen Akademie der Wissenschaften}}%*Abweichung!
 @String {AbhGoettingen-long = {Abhandlungen der Akademie der Wissenschaften zu Göttingen. Philologisch-Historische Klasse}}%*Abweichung!
 @String {AbhLeipzig-long = {Abhandlungen der Sächsischen Akademie der Wissenschaften zu Leipzig. Philologisch-Historische Klasse}}
 @String {AbhMainz-long = {Akademie der Wissenschaften und der Literatur in Mainz. Abhandlungen der Geistes- und Sozialwissenschaftlichen Klasse}}
 @String {AbhMuenchen-long = {Bayerische Akademie der Wissenschaften. Philosophisch-Historische Klasse. Abhandlungen}}%*Abweichung!
 @String {ABret-long = {Archéologie en Bretagne. Bulletin d'information}}
 @String {Abr-Nahrain-long = {Abr-Nahrain. An Annual Published by the Department of Middle Eastern Studies, University of Melbourne}}
 @String {ABulg-long = {Archaeologia Bulgarica}}
 @String {ABV-long = {J. D. Beazley, Attic Black-figure Vase-painters (Oxford 1956)}}
 @String {ACalc-long = {Archeologia e calcolatori}}
 @String {ACamp-long = {Archeologia in Campania. Bolletino di informazioni a cura della Soprintendenza archeologica delle province di Napoli e Caserta}}
 @String {ACant-long = {Archaeologia Cantiana}}
 @String {AcBibl-long = {Accademie e biblioteche d'Italia}}
 @String {Achse-long = {Achse, Rad und Wagen. Beiträge zur Geschichte der Landfahrzeuge}}
 @String {Acme-long = {Acme. Annali della Facoltà di lettere e filosofia dell'Università degli studi di Milano}}
 @String {Acontia-long = {Acontia. Revista de arqueología}}
 @String {ACors-long = {Archeologia corsa}}
 @String {ActaAArtHist-long = {Acta ad archaeologiam et artium historiam pertinentia}}
 @String {ActaAArtHist-sa-long = {Acta ad archaeologiam et artium historiam pertinentia. Series altera in 8}}%*Abweichung!
 @String {ActaAcAbo-long = {Acta Academiae Aboensis}}
 @String {ActaACarp-long = {Acta archaeologica Carpathica}}
 @String {ActaALov-long = {Acta archaeologica Lovaniensia}}
 @String {ActaALovMono-long = {Acta archaeologica Lovaniensia. Monographiae}}
 @String {ActaAntHung-long = {Acta antiqua Academiae scientiarum Hungaricae}}
 @String {ActaArch-long = {Acta archaeologica. København}}
 @String {ActaArchHung-long = {Acta archaeologica Academiae scientiarum Hungaricae}}
 @String {ActaAth-long = {Acta Instituti Atheniensis regni Sueciae}}
 @String {ActaCl-long = {Acta classica. Proceedings of the Classical Association of South Africa}}
 @String {ActaClDebrec-long = {Acta classica Universitatis scientiarum Debreceniensis}}
 @String {ActaHistDac-long = {Acta historica. Societas academica Dacoromana}}
 @String {ActaHyp-long = {Acta hyperborea. Danish Studies in Classical Archaeology}}
 @String {ActaInstRomFin-long = {Acta Instituti Romani Finlandiae}}
 @String {ActaMusNapoca-long = {Acta Musei Napocensis}}
 @String {ActaMusPorol-long = {Acta Musei Porolissensis}}
 @String {ActaNum-long = {Acta numismática (Barcelona)}}
 @String {ActaOr-long = {Acta orientalia (Kopenhagen)}}
 @String {ActaOrHung-long = {Acta orientalia Academiae scientiarum Hungaricae}}
 @String {ActaPhilSocDac-long = {Acta philologica. Societas academica Dacoromana}}
 @String {ActaPraehistA-long = {Acta praehistorica et archaeologica}}
 @String {ActaTorunA-long = {Acta Universitatis Nicolai Copernici. Archaeologia}}
 @String {ActaTorunHist-long = {Acta Universitatis Nicolai Copernici. Historia}}
 @String {AD-long = {Antike Denkmäler}}
 @String {ADAIK-long = {Abhandlungen des Deutschen Archäologischen Instituts, Abteilung Kairo}}
 @String {Adalya-long = {Adalya. Annual of the Suna \& Inan Kiraç-Research Institute on Mediterranean Civilizations}}
 @String {ADelt-A-long = {Αρχαιολογικόν Δελτίον (Μελέτες)}}%*Abweichung!
 @String {ADelt-B-long = {Αρχαιολογικόν Δελτίον (Χρονικά)}}%*Abweichung!
 @String {ADerg-long = {Arkeoloji dergisi. Ege Üniversitesi Edebiyat Fakültesi}}
 @String {ADFU-long = {Ausgrabungen der Deutschen Forschungsgemeinschaft in Uruk-Warka}}
 @String {AdI-long = {Annali dell'Instituto di corrispondenza archeologica}}
 @String {ADOG-long = {Abhandlungen der Deutschen Orient-Gesellschaft}}
 @String {Adumatu-long = {Adumatu. A Semi-Annual Archeological Refereed Journal on the Arab World}}
 @String {AE-long = {L'année épigraphique}}
 @String {AeA-long = {Aegean Archaeology}}
 @String {Aegaeum-long = {Aegaeum. Annales d'archéologie égéenne de l'Université de Liège}}
 @String {AegLev-long = {Ägypten und Levante. Egypt and the Levant. Internationale Zeitschrift für ägyptische Archäologie und deren Nachbargebiete}}%*Abweichung!
 @String {AEmil-long = {Archeologia dell'Emilia-Romagna}}
 @String {AEphem-long = {Αρχαιολογική Eφημερίς}}
 @String {AeR-long = {Atene e Roma}}
 @String {AErgoMak-long = {Το Αρχαιολογικό Έργο στη Μακεδονία και Θράκη}}
 @String {AErt-long = {Archaeologiai értesitő}}
 @String {AEspA-long = {Archivo español de arqueología}}
 @String {Aevum-long = {Aevum. Rassegna di scienze storiche linguistiche e filologiche}}
 @String {AevumAnt-long = {Aevum antiquum}}
 @String {AF-long = {Archäologische Forschungen}}
 @String {AfO-long = {Archiv für Orientforschung}}
 @String {Africa-long = {Africa. Institut national d'archéologie et d'art, Tunis}}
 @String {AGD-long = {Antike Gemmen in deutschen Sammlungen}}
 @String {AGeo-long = {Archaeologia geographica}}
 @String {Agora-long = {The Athenian Agora}}
 @String {AgoraPB-long = {Excavations of the Athenian Agora. Picture Book}}
 @String {AHist-long = {Arqueologia e história}}
 @String {AHistStAlex-long = {Archaeological and Historical Studies. The Archaeological Society of Alexandria}}
 @String {AHw-long = {W. von Soden, Akkadisches Handwörterbuch (Wiesbaden 1965--1981)}}
 @String {AiD-long = {Archäologie in Deutschland}}
 @String {AInf-long = {Archäologische Informationen. Mitteilungen zur Ur- und Frühgeschichte}}
 @String {AIONArch-long = {Annali dell'Istituto universitario orientale di Napoli. Dipartimento di studi del mondo classico e del Mediterraneo antico. Sezione di archeologia e storia antica}}
 @String {AIONFil-long = {Annali dell'Istituto universitario orientale di Napoli. Dipartimento di studi del mondo classico e del Mediterraneo antico. Sezione filologicoletteraria}}
 @String {AIONLing-long = {Annali dell'Istituto universitario orientale di Napoli. Dipartimento di studi del mondo classico e del Mediterraneo antico. Sezione linguistica}}
 @String {AIPhOr-long = {Annuaire de l'Institut de philologie et d'histoire orientales et slaves (Université Libre de Bruxelles)}}
 @String {Aitna-long = {Aitna. Quaderni di topografia antica}}
 @String {AJA-long = {American Journal of Archaeology}}
 @String {AJahrBay-long = {Das archäologische Jahr in Bayern}}
 @String {AJPh-long = {American Journal of Philology}}
 @String {AJug-long = {Archaeologia Jugoslavica}}
 @String {AKorrBl-long = {Archäologisches Korrespondenzblatt}}
 @String {AlbaRegia-long = {Alba Regia. Annales Musei Stephani regis}}
 @String {AlmaMaterSt-long = {Alma mater studiorum Almanacco calabrese Almoraima}}
 @String {AlmanachWien-long = {Österreichische Akademie der Wissenschaften. Almanach}}
 @String {AlonJisrael-long = {'Alon mahleqat ha-'atiqot šel medinat Jisra'el}}
 @String {Al-Qannis-long = {Al-Qanniš. Boletín del Taller de arqueología de Alcañiz}}
 @String {Altamura-long = {Altamura. Bollettino dell'Archivio-biblioteca-museo civico}}
 @String {AltoMed-long = {Alto medioevo}}
 @String {Alt-Paphos-long = {Ausgrabungen in Alt-Paphos auf Cypern}}
 @String {AltThuer-long = {Alt-Thüringen}}%*Abweichung!
 @String {AM-long = {Mitteilungen des Deutschen Archäologischen Instituts, Athenische Abteilung}}
 @String {AMediev-long = {Archaeologia medievale. Cultura materiale, insediamenti, territorio}}
 @String {AMethTh-long = {Advances in Archaeological Method and Theory}}
 @String {AMI-long = {Archäologische Mitteilungen aus Iran}}
 @String {AMIT-long = {Archäologische Mitteilungen aus Iran und Turan}}
 @String {AmJAncHist-long = {American Journal of Ancient History}}
 @String {AmJNum-long = {American Journal of Numismatics}}
 @String {AMold-long = {Arheologia Moldovei}}
 @String {AMosel-long = {Archaeologia Mosellana}}
 @String {AMS-long = {Asia Minor Studien}}
 @String {AmStP-long = {American Studies in Papyrology}}
 @String {AMuGS-long = {Antike Münzen und geschnittene Steine}}
 @String {ANachr-long = {Archäologisches Nachrichtenblatt}}
 @String {ANachrBad-long = {Archäologische Nachrichten aus Baden}}
 @String {AnadoluAra-long = {Anadolu araştırmaları. Jahrbuch für kleinasiatische Forschung}}
 @String {AnadoluKonf-long = {Anadolu Medeniyetleri Müzesi konferansları}}
 @String {AnadoluYil-long = {Anadolu Medeniyetleri Müzesi yıllığı}}
 @String {AnAe-long = {Analecta Aegyptiaca}}
 @String {Anagennesis-long = {Anagennesis. A Papyrological Journal}}
 @String {AnalBolland-long = {Analecta Bollandiana}}
 @String {AnalP-long = {Analecta papyrologica}}
 @String {AnalRom-long = {Analecta Romana Instituti Danici}}
 @String {AnArqAnd-long = {Anuario arqueológico de Andalucía}}
 @String {Anas-long = {Anas. Museo nacional de arte romano de Mérida}}
 @String {AnatA-long = {Anatolian Archaeology. Reports on Research Conducted in Turkey}}
 @String {Anatolia-long = {Anatolia. Revue annuelle de l’Institut d’archéologie de l’Université d’Ankara}}
 @String {ANaturwiss-long = {Archäologie und Naturwissenschaften}}
 @String {AncCivScytSib-long = {Ancient Civilizations from Scythia to Siberia. An International Journal of Comparative Studies in History and Archaeology}}
 @String {AncHistB-long = {The Ancient History Bulletin}}
 @String {AncInd-long = {The Ancient India}}
 @String {AncNearEastSt-long = {Ancient Near Eastern Studies. An Annual}}
 @String {AnCord-long = {Anales de arqueología cordobesa}}
 @String {AncSoc-long = {Ancient Society}}
 @String {AncW-long = {The Ancient World}}
 @String {AncWestEast-long = {Ancient West and East}}
 @String {AnDubr-long = {Annali Zavoda za povijesne znanosti Istraivakog centra Jugoslavenske akademije znanosti i umjetnosti u Dubrovniku}}
 @String {ANews-long = {Archaeological News}}
 @String {ANilMoy-long = {Archéologie du Nil moyen}}
 @String {ANL-long = {The Archaeological News Letter}}
 @String {AnMunFaro-long = {Anais do municípo de Faro}}
 @String {AnMurcia-long = {Anales de prehistoria y arqueología. Universidad de Murcia}}
 @String {AnnAcEtr-long = {Annuario. Accademia etrusca di Cortona}}
 @String {AnnAcTorino-long = {Annuario della Accademia delle scienze di Torino}}
 @String {AnnAStorAnt-long = {Annali. Sezione di archeologia e storia antica. Istituto universitario orientale di Napoli. Dipartimento di studi del mondo classico e del Mediterraneo antico}}
 @String {AnnBari-long = {Annali della Facoltà di lettere e filosofia, Università degli Studi, Bari}}
 @String {AnnBenac-long = {Annali Benacensi}}
 @String {AnnBiblAModena-long = {Annuario bibliografico di archeologia. Modena}}
 @String {AnnBiblARom-long = {Annuario bibliografico di archeologia. Nuove accessioni del \ldots. Biblioteca dell’Istituto nazionale di archeologia e storia dell’arte, Roma}}
 @String {AnnByzConf-long = {Annual Byzantine Studies Conference. Abstracts of Papers}}
 @String {AnnCagl-long = {Annnali della Facoltà di lettere e filosofia dell'Università di Cagliari}}
 @String {AnnCaglMag-long = {Annali della Facoltà di magistero dell'Università di Cagliari}}
 @String {AnnEconSocCiv-long = {Annales. Economies, sociétés, civilisations}}
 @String {AnnEgBibl-long = {Annual Egyptological Bibliography}}
 @String {AnnEth-long = {Annales d'Éthiopie}}
 @String {AnnFaina-long = {Annali della Fondazione per il Museo Claudio Faina}}
 @String {AnnHistA-long = {Annales d'histoire et d'archéologie}}
 @String {AnnHistScSoc-long = {Annales. Histoire, sciences sociales}}
 @String {AnnIstGiapp-long = {Annuario. Istituto giapponese di cultura in Roma}}
 @String {AnnIstItNum-long = {Annali. Istituto italiano di numismatica}}
 @String {AnnLecce-long = {Annali dell'Università di Lecce. Facoltà di lettere e filosofia e di magistero}}
 @String {AnnLeedsUnOrSoc-long = {The Annual of Leeds University Oriental Society}}
 @String {AnnMacerata-long = {Annali della Facoltà di lettere e filosofia, Università di Macerata}}
 @String {AnnMessMag-long = {Nuovi annali della Facoltà di magistero dell'Università di Messina}}
 @String {AnnMusRov-long = {Annali del Museo civico di Rovereto. Sezione archeologia, storia, scienze naturali}}
 @String {AnnNap-long = {Annali della Facoltà di lettere e filosofia, Università di Napoli}}
 @String {AnnNivern-long = {Les annales des pays Nivernais}}
 @String {AnnNoment-long = {Annali. Associazione nomentana di storia e archeologia}}
 @String {AnnOrNap-long = {Annali. Rivista del Dipartimento di studi asiatici e del Dipartimento di studi e ricerche su Africa e paesi arabi, Istituto universitario orientale di Napoli}}
 @String {AnnotNum-long = {Annotazioni numismatiche}}
 @String {AnnPerugia-long = {Annali della Facoltà di lettere e filosofia, Università degli studi di Perugia, 1. Studi classici}}
 @String {AnnPisa-long = {Annali della Scuola normale superiore di Pisa}}
 @String {AnnPontAcRom-long = {Annuario della Pontificia accademia romana di archeologia}}
 @String {AnnRepBSA-long = {Annual Report of Council. British School of Archaeology at Athens}}
 @String {AnnRepCypr-long = {Annual Report of the Department of Antiquities, Republic of Cyprus}}
 @String {AnnRepFoggArtMus-long = {The Annual Report of the Fogg Art Museum}}
 @String {AnnSiena-long = {Annali della Facoltà di lettere e filosofia, Università di Siena}}
 @String {AnnuarioAcLinc-long = {Annuario della Accademia nazionale dei Lincei}}
 @String {AnnuarioLecce-long = {Annuario. Liceo-ginnasio statale G. Palmieri, Lecce}}
 @String {AnnUnBud-long = {Annales Universitatis scientiarum Budapestinensis de Rolando Eötvös nominatae}}
 @String {AnnWorcArtMus-long = {Annual (Report). Worcester Art Museum}}
 @String {Anodos-long = {Anodos. Studies of Ancient World}}
 @String {AnOr-long = {Analecta orientalia. Commentationes scientificae de rebus orientis antiqui}}
 @String {ANRW-long = {Aufstieg und Niedergang der römischen Welt}}
 @String {Anschnitt-long = {Der Anschnitt. Mitteilungsblatt der Vereinigung der Freunde von Kunst und Kultur im Bergbau}}
 @String {ANSMusNotes-long = {Museum Notes. American Numismatic Society}}
 @String {AnSt-long = {Anatolian Studies}}
 @String {Antaeus-long = {Antaeus. Communicationes ex Instituto archaeologico Academiae scientiarum hungaricae}}
 @String {AntAfr-long = {Antiquités africaines}}
 @String {AntChr-long = {Antike und Christentum}}
 @String {AntCl-long = {L'antiquité classique}}
 @String {AnthrAChron-long = {Ανθρωπολογικά και Αρχαιολογικά Χρονικά}}
 @String {Anthropos-long = {Άνθρωπος. Όργανο της Ανθρωπολογικής Εταιρείας Ελλάδος}}
 @String {Antichthon-long = {Antichthon. Journal of the Australian Society for Classical Studies}}
 @String {AntigCr-long = {Antigüedad y cristianismo. Monografías históricas sobre la antigüedad tardía}}
 @String {Antipolis-long = {Antipolis. A Journal of Mediterranean Archaeology}}
 @String {Antiqua-long = {Antiqua. Rivista dell'Archeoclub d'Italia}}
 @String {Antiquity-long = {Antiquity. A Quarterly Review of Archaeology}}
 @String {AntJ-long = {The Antiquaries Journal}}
 @String {AntK-long = {Antike Kunst}}
 @String {AntNat-long = {Antiquités nationales. Saint-Germain-en-Laye}}
 @String {AntPisa-long = {Antichità pisane}}
 @String {AntPl-long = {Antike Plastik}}
 @String {AntSurv-long = {Antiquity and Survival}}
 @String {AntTard-long = {Antiquité tardive. Revue internationale d'histoire et d'archéologie}}
 @String {AnzAW-long = {Anzeiger für die Altertumswissenschaft}}
 @String {AnzWien-long = {Anzeiger. Österreichische Akademie der Wissenschaften, Philosophisch-Historische Klasse}}
 @String {AOAT-long = {Alter Orient und Altes Testament. Veröffentlichungen zur Kultur und Geschichte des Alten Orients und des Alten Testaments}}
 @String {AoF-long = {Altorientalische Forschungen}}
 @String {AOtkryt-long = {Archeologičeskie otkrytija}}
 @String {APamKiiv-long = {Archeologični pamjatki URSR}}
 @String {APh-long = {L'année philologique}}
 @String {APol-long = {Archaeologia Polona}}
 @String {Apollo-long = {Apollo. Bolletino dei musei provinciali del Salernitano}}
 @String {ApolloLond-long = {Apollo. The International Magazine of the Arts}}
 @String {APort-long = {O arqueólogo português}}
 @String {AppRomFil-long = {Appunti romani di filologia. Studi e comunicazioni di filologia, linguistica e letteratura greca e latina}}
 @String {APregl-long = {Arheološki pregled. Arheološko društvo Jugoslavije}}
 @String {Apulum-long = {Apulum. Acta Musei Apulensis}}
 @String {AquiLeg-long = {Aquila legionis. Cuadernos des estudios sobre el ejército romano}}
 @String {AquilNost-long = {Aquileia nostra. Bollettino dell'Associazione nazionale per Aquileia}}
 @String {Aquitania-long = {Aquitania. Une revue inter-régionale d'archéologie}}
 @String {ArabAEpigr-long = {Arabian Archaeology and Epigraphy}}
 @String {ARadRaspr-long = {Arheolokiradovi i rasprave}}
 @String {ArbFBerSaechs-long = {Arbeits- und Forschungsberichte zur sächsischen Bodendenkmalpflege}}
 @String {Archaeographie-long = {Archäographie. Archäologie und elektronische Datenverarbeitung}}%*Abweichung!
 @String {Archaeologia-long = {Archaeologia or Miscellaneous Tracts Relating to Antiquity Published by the Society of Antiquaries of London}}
 @String {Archaeology-long = {Archaeology. A Magazine Dealing with the Antiquity of the World}}
 @String {Archaeometry-long = {Archaeometry. Bulletin of the Research Laboratory for Archaeology and History of Art, Oxford University}}
 @String {Archaiognosia-long = {Αρχαιογνωσία}}
 @String {ArchBegriffsGesch-long = {Archiv für Begriffsgeschichte}}
 @String {ArchByzMnem-long = {Αρχείον των Βυζαντινών Μνημείων της Ελλάδος }}
 @String {ArchCl-long = {Archeologia classica}}
 @String {Archeo-long = {Archeo. Attualità del passato}}
 @String {ArcheogrTriest-long = {Archeografo triestino}}
 @String {ArcheologiaParis-long = {Archeologia, Paris. L'archéologie dans le monde et tout ce qui concerne les recherches historiques, artistiques et scientifiques sur terre et dans les mers}}
 @String {ArcheologiaRoma-long = {Archeologia. Rivista bimestrale. Roma}}
 @String {ArcheologiaWarsz-long = {Archeologia. Rocznik Instytutu archeologii i etnologii, Polskiej akademii nauk}}
 @String {ArcheologijaKiiv-long = {Archeologija. Nacional'na akademija nauk Ukraini. Institut archeologii}}
 @String {ArcheologijaSof-long = {Archeologija. Organ na Archeologičeskija institut i muzej (pri Bălgarskata akademii nauk)}}
 @String {ArchEubMel-long = {Αρχείον Ευβοϊκών Μελετών}}
 @String {ArchHom-long = {Archaeologia Homerica}}
 @String {Architectura-long = {Architectura. Zeitschrift für Geschichte der Baukunst}}
 @String {Archivi-long = {Archivi. Archivi d'Italia e rassegna internazionale degli archivi}}
 @String {ArchPF-long = {Archiv für Papyrusforschung und verwandte Gebiete}}
 @String {ArchPrehistLev-long = {Archivo de prehistoria levantina}}
 @String {ArchRel-long = {Archiv für Religionsgeschichte}}
 @String {ArchStorCal-long = {Archivio storico per la Calabria e la Lucania}}
 @String {ArchStorPugl-long = {Archivio storico pugliese}}
 @String {ArchStorRom-long = {Archivio della Società romana di storia patria}}
 @String {ArchStorSicOr-long = {Archivio storico per la Sicilia orientale}}
 @String {ArchStorSir-long = {Archivio storico siracusano}}
 @String {Arctos-long = {Arctos. Acta philologica Fennica}}
 @String {ARepLond-long = {Archaeological Reports}}
 @String {Argo-long = {Argo. časopis slovenskih muzejev, Narodni Muzej Slovenije}}
 @String {ArOr-long = {Archív orientální. Quarterly Journal of African and Asian Studies}}
 @String {ArOrMono-long = {Archív orientální. Quarterly Journal of African, Asian and Latin American Studies. Monografie Archívu orientálního}}
 @String {ArOrSuppl-long = {Archív orientální. Quarterly Journal of African, Asian and Latin American Studies. Supplementa}}
 @String {ARozhl-long = {Archeologické rozhledy}}
 @String {ArqBeja-long = {Arquivo de Beja. Boletim, estudos, arquivo}}
 @String {Arse-long = {Arse. Boletín del Centro arqueológico saguntino}}
 @String {ArsGeorg-long = {Ars Georgica}}
 @String {ArtAntMod-long = {Arte antica e moderna}}
 @String {ArtARhone-long = {Art et archéologie en Rhône-Alpes}}%*Abweichung!
 @String {ArtAs-long = {Artibus Asiae}}
 @String {ArtB-long = {The Art Bulletin}}
 @String {ArtJ-long = {Art Journal}}
 @String {ArtLomb-long = {Arte lombarda}}
 @String {ArtMediev-long = {Arte medievale}}
 @String {ArtVirg-long = {Arts in Virginia}}
 @String {ARV2-long = {J. D. Beazley, Attic Red-figure Vase-painters \textsuperscript{2}(Oxford 1963)}}
 @String {ASachs-long = {Archäologie in Sachsen-Anhalt}}
 @String {ASAE-long = {Annales du Service des antiquités de l’Égypte}}
 @String {ASammlUnZuerch-long = {Archäologische Sammlung der Universität Zürich}}%*Abweichung!
 @String {ASAtene-long = {Annuario della Scuola archeologica di Atene e delle missioni italiane in Oriente}}
 @String {ASbor-long = {Archeologičeskij sbornik. Gosudarstvennyj ordena Lenina Ermitaž}}
 @String {ASchw-long = {Archäologie der Schweiz. Mitteilungsblatt der Schweizerischen Gesellschaft für Ur- und Frühgeschichte}}
 @String {ASoc-long = {Archeologia e società}}
 @String {ASoloth-long = {Archäologie des Kantons Solothurn}}
 @String {ASR-long = {Die antiken Sarkophagreliefs}}
 @String {Assaph-long = {Assaph. Studies in Art History}}
 @String {AssyrMisc-long = {Assyriological Miscellanies}}
 @String {AST-long = {AratirmaSonuçlariToplantisi}}
 @String {ASub-long = {L'archeologo subacqueo. Quadrimestrale di archeologia subacquea e navale}}
 @String {ASubacq-long = {Archeologia subacquea. Studi, ricerche e documenti}}
 @String {Athenaeum-long = {Athenaeum. Studi di letteratura e storia dell'antichità}}
 @String {Atiqot-long = {`Atiqot. Journal of the Israel Department of Antiquities}}
 @String {AtiqotHeb-long = {`Atiqot. Journal of the Israel Department of Antiquities. Hebrew Series}}
 @String {Atlal-long = {Atlal. The Journal of Saudi Arabian Archaeology}}
 @String {AttiAcPontan-long = {Atti della Accademia pontaniana}}
 @String {AttiAcRov-long = {Atti della Accademia Roveretana degli Agiati. Contributi della classe di scienze umane, di lettere ed arti}}
 @String {AttiAcTorino-long = {Atti della Accademia delle scienze di Torino, 2. Classe di scienze morali, storiche e filologiche}}
 @String {AttiCAntCl-long = {Atti. Centro ricerche e documentazione sull'antichità classica}}
 @String {AttiCItRom-long = {Atti. Centro studi e documentazione sull'Italia romana}}
 @String {AttiMemBologna-long = {Atti e memorie. Deputazione di storia patria per le province di Romagna}}
 @String {AttiMemDal-long = {Atti e memorie della Società dalmata di storia patria}}
 @String {AttiMemFirenze-long = {Atti e memorie dell'Academia toscana di scienze e lettere »La Columbaria«}}
 @String {AttiMemIstria-long = {Atti e memorie della Società istriana di archeologia e storia patria}}
 @String {AttiMemMagnaGr-long = {Atti e memorie della Società Magna Grecia}}
 @String {AttiMemModena-long = {Atti e memorie. Deputazione di storia patria per le antiche provincie modenesi}}
 @String {AttiMemTivoli-long = {Atti e memorie della Società tiburtina di storia e d'arte}}
 @String {AttiMusTrieste-long = {Atti dei Civici musei di storia ed arte di Trieste}}
 @String {AttiPalermo-long = {Atti della Accademia di scienze, lettere e arti di Palermo}}
 @String {AttiRovigno-long = {Atti. Centro di ricerche storiche, Rovigno}}
 @String {AttiSocFriuli-long = {Atti della Società per la preistoria e protostoria della regione Friuli -- Venezia Giulia}}
 @String {AttiVenezia-long = {Atti. Istituto veneto di scienze, lettere ed arti}}
 @String {AuA-long = {Antike und Abendland}}
 @String {AulaOr-long = {Aula orientalis. Revista de estudios del Próximo Oriente antiguo}}
 @String {AusgrFu-long = {Ausgrabungen und Funde. Nachrichtenblatt der Landesarchäologie}}
 @String {AusgrFuWestf-long = {Ausgrabungen und Funde in Westfalen-Lippe}}
 @String {AustrRom-long = {Pro Austria Romana}}
 @String {AUTerr-long = {Archeologia, uomo, territorio. Rivista dei Gruppi archeologici Nord Italia}}
 @String {AUWE-long = {Ausgrabungen in Uruk-Warka. Endberichte}}
 @String {AV-long = {Archäologische Veröffentlichungen. Deutsches Archäologisches Institut, Abteilung Kairo}}
 @String {AVen-long = {Archeologia veneta}}
 @String {AVes-long = {Arheološki vestnik (Ljubljana)}}
 @String {AViva-long = {Archeologia viva}}
 @String {AvP-long = {Altertümer von Pergamon}}
 @String {AW-long = {Antike Welt. Zeitschrift für Archäologie und Kulturgeschichte}}
 @String {AyasofyaMuezYil-long = {Ayasofia Müzesi yıllığı. Annual of Ayasofya Museum}}%*Abweichung!
 @String {AZ-long = {Archäologische Zeitung}}
 @String {Azotea-long = {Azotea. Revista de cultura del Ayuntamiento de Coria del Río}}
 @String {BA-long = {Bollettino di archeologia}}
 @String {Baalbek-long = {Baalbek. Ergebnisse der Ausgrabungen und Untersuchungen in den Jahren 1898 bis 1905}}
 @String {BAAlger-long = {Bulletin d'archéologie algérienne}}
 @String {BABarcel-long = {Butlletí informatiu de l'Institut de prehistòria i arqueologia de la Diputació provincial de Barcelona}}
 @String {BABesch-long = {Bulletin antieke beschaving. Annual Papers on Classical Archaeology}}
 @String {BAcRHist-long = {Boletín de la Real academia de la historia}}
 @String {BACopt-long = {Bulletin de la Société d'archéologie copte}}
 @String {BadFuBer-long = {Badische Fundberichte}}
 @String {Baetica-long = {Baetica. Estudios de arte, geografía e historia}}
 @String {BaF-long = {Baghdader Forschungen}}
 @String {BalacaiKoez-long = {Balácai közlemények}}%*Abweichung!
 @String {BalkSt-long = {Balkan Studies}}
 @String {BALond-long = {Bulletin of the Institute of Archaeology, University of London}}
 @String {BALux-long = {Bulletin d'archéologie luxembourgeoise}}
 @String {BaM-long = {Baghdader Mitteilungen}}
 @String {BAMaroc-long = {Bulletin d'archéologie marocaine}}
 @String {BAmSocP-long = {The Bulletin of the American Society of Papyrologists}}
 @String {BAncOrMus-long = {Bulletin of the Ancient Orient Museum (Tokyo)}}
 @String {BAngers-long = {Bulletin du Centre de recherches et d'enseignement de l'antiquité, Angers}}
 @String {BAngloIsrASoc-long = {Bulletin of the Anglo-Israel Archaeological Society}}
 @String {BAnnMusFerr-long = {Bollettino annuale. Musei ferraresi}}
 @String {BAntFr-long = {Bulletin de la Société nationale des antiquaires de France}}
 @String {BAntLux-long = {Bulletin des antiquités luxembourgeoises}}
 @String {BAParis-long = {Bulletin archéologique du Comité des travaux historiques et scientifiques. Antiquités nationales}}
 @String {BAProv-long = {Bulletin archéologique de Provence}}
 @String {BAR-long = {British Archaeological Reports. British Series}}
 @String {BArchAlex-long = {Bulletin. Société archéologique d'Alexandrie}}
 @String {BArchit-long = {Bollettino del Centro di studi per la storia dell'architettura}}
 @String {BARIntSer-long = {British Archaeological Reports. International Series}}
 @String {BASard-long = {Nuovo bullettino archeologico sardo}}
 @String {BAsEspA-long = {Boletín. Asociación española de amigos de la arqueología}}
 @String {BAsInst-long = {Bulletin of the Asia Institute}}
 @String {BASOR-long = {Bulletin of the American Schools of Oriental Research}}
 @String {BAssBude-long = {Bulletin de l'Association Guillaume Budé}}%*Abweichung!
 @String {BAssMosAnt-long = {Bulletin d'information de l'Association internationale pour l'étude de la mosaïque antique}}
 @String {BASub-long = {Bollettino di archeologia subacquea}}
 @String {BASudEstEur-long = {Bulletin d'archéologie sud-est européenne}}
 @String {BATarr-long = {Bulletí arqueològic. Reial societat arqueològica tarraconense. Boletín arqueológico. Real sociedad arqueológica tarragonese}}
 @String {BAur-long = {Boletín auriense}}
 @String {BAVA-long = {Beiträge zur Allgemeinen und Vergleichenden Archäologie}}
 @String {BayVgBl-long = {Bayerische Vorgeschichtsblätter}}
 @String {BBasil-long = {Bollettino storico della Basilicata}}
 @String {BBelgRom-long = {Bulletin de l'Institut historique belge de Rome}}
 @String {BBolsena-long = {Bollettino di studi e ricerche. Biblioteca comunale di Bolsena}}
 @String {BBrByzSt-long = {Bulletin of British Byzantine Studies}}
 @String {BCamuno-long = {Bullettino del Centro Camuno di studi preistorici}}
 @String {BCASic-long = {Beni culturali e ambientali. Sicilia}}
 @String {BCercleNum-long = {Bulletin du Cercle d'études numismatiques}}
 @String {BCH-long = {Bulletin de correspondance hellénique}}
 @String {BCircNumNap-long = {Bollettino del Circolo numismatico napoletano}}
 @String {BCl-long = {Bollettino dei classici}}
 @String {BClevMus-long = {The Bulletin of The Cleveland Museum of Art}}
 @String {BCom-long = {Bullettino della Commissione archeologica comunale di Roma}}
 @String {BCord-long = {Bulletin d'information de l'Association internationale pour l'étude de la mosaïque antique}}
 @String {BdA-long = {Bollettino d'arte}}
 @String {BdE-long = {Bibliothèque d'études, Institut français d'archéologie orientale, Kairo}}
 @String {BdEC-long = {Bibliothèque d'études coptes, Institut français d'archéologie orientale, Kairo}}
 @String {BdI-long = {Bullettino dell'Instituto di corrispondenza archeologica}}
 @String {BDirRom-long = {Bullettino dell'Istituto di diritto romano »Vittorio Scialoja«}}
 @String {BeazleyAddenda2-long = {T. H. Carpenter (Hrsg.), Beazley Addenda \textsuperscript{2}(Oxford 1989)}}%*Abweichung!
 @String {BeazleyPara.-long = {J. D. Beazley, Paralipomena. Additions to Attic Black-figure Vase-painters and to Attic Red-figure Vase-painters (Oxford 1971)}}%*Abweichung!
 @String {BEcAntNimes-long = {Bulletin (annuel) de l'École antique de Nîmes}}%*Abweichung!
 @String {BediKart-long = {Bedi Kartlisa. Revue de kartvélologie}}
 @String {BEFAR-long = {Bibliothèque des Écoles françaises d'Athènes et de Rome}}
 @String {BeitrESkAr-long = {Beiträge zur Erschließung hellenistischer und kaiserzeitlicher Skulptur und Architektur}}
 @String {BeitrNamF-long = {Beiträge zur Namenforschung}}
 @String {BeitrSudanF-long = {Beiträge zur Sudanforschung}}
 @String {BelArt-long = {Bellas artes (Madrid)}}
 @String {Belleten-long = {Belleten. Türk Tarih Kurumu}}
 @String {Benacus-long = {Benàcus. Museo archeologico della Val Tenesi}}
 @String {BerBayDenkmPfl-long = {Bericht der Bayerischen Bodendenkmalpflege}}
 @String {BerDFG-long = {Bericht der Deutschen Forschungsgemeinschaft}}
 @String {BerlBeitrArchaeom-long = {Berliner Beiträge zur Archäometrie}}%*Abweichung!
 @String {BerlBlVFruehGesch-long = {Berliner Blätter für Vor- und Frühgeschichte}}%*Abweichung!
 @String {BerlJbVFruehGesch-long = {Berliner Jahrbuch für Vor- und Frühgeschichte}}%*Abweichung!
 @String {BerlMus-long = {Berliner Museen}}
 @String {BerlNumZ-long = {Berliner numismatische Zeitschrift}}
 @String {BerOudhBod-long = {Berichten van de Rijksdienst voor het oudheidkundig bodemonderzoek}}
 @String {BerRGK-long = {Bericht der Römisch-Germanischen Kommission}}
 @String {BerVerhLeipz-long = {Berichte über die Verhandlungen der Sächsischen Akademie der Wissenschaften zu Leipzig}}
 @String {Berytus-long = {Berytus. Archaeological Studies}}
 @String {BEspA-long = {Boletín. Asociación española de amigos de la arqueología}}
 @String {BEspOr-long = {Boletín de la Asociación española de orientalistas}}
 @String {BEtOr-long = {Bulletin d'études orientales}}
 @String {BFilGrPadova-long = {Bollettino dell'Istituto di filologia greca, Università di Padova}}
 @String {BFilLingSic-long = {Bollettino. Centro di studi filologici e linguistici siciliani}}
 @String {BFlegr-long = {Bollettino flegreo. Rivista di storia, arte e scienze}}
 @String {BFoligno-long = {Bollettino storico della città di Foligno}}
 @String {BHarvMus-long = {Harvard University Art Museums Bulletin}}
 @String {BIasos-long = {Bollettino dell'Associazione Iasos di Caria}}
 @String {BibAr-long = {The Biblical Archaeologist. The American School of Oriental Research New Haven}}
 @String {BiblClOr-long = {Bibliotheca classica orientalis}}
 @String {BiblSymb-long = {Bibliographie zur Symbolik, Ikonographie und Mythologie. Internationales Referateorgan}}
 @String {BIBulg-long = {Izvestija na Archeologičeskija institut. Bulletin de l’Institut d’archéologie}}
 @String {BICS-long = {Bulletin of the Institute of Classical Studies of the University of London}}
 @String {BIFAO-long = {Bulletin de l'Institut français d'archéologie orientale}}
 @String {BInfCentumcellae-long = {Bollettino di informazioni. Associazione archeologica Centumcellae}}
 @String {BInfCESDAE-long = {Bollettino di informazioni del Centro di studi e documentazione sull'area elima}}
 @String {BiogrZbor-long = {Biogradski zbornik}}
 @String {BiOr-long = {Bibliotheca orientalis}}
 @String {BIstOrvieto-long = {Bollettino dell'Istituto storico artistico orvietano}}
 @String {BJaen-long = {Boletín del Instituto de estudios giennenses}}%*Abweichung!
 @String {BJb-long = {Bonner Jahrbücher des Rheinischen Landesmuseums in Bonn}}
 @String {BJerus-long = {Bulletin. The Hebrew University, Jerusalem, Rabinowitz Fund}}
 @String {BLaborMusLouvre-long = {Bulletin du laboratoire du Musée du Louvre}}
 @String {BLazioMerid-long = {Bollettino dell'Istituto di storia e di arte del Lazio meridionale}}
 @String {BLikUm-long = {Bulletin Razreda za likovne umjetnosti Hrvatske akademije znanosti i umjetnosti}}
 @String {BlMueFreundeF-long = {Blätter für Münzfreunde und Münzforschung}}%*Abweichung!
 @String {BLugo-long = {Boletín de la Comisión provincial de monumentos históricos y artísticos de Lugo}}
 @String {BMCGreekCoins-long = {Catalogue of the Greek Coins in the British Museums}}%*Abweichung!
 @String {BMCOR-long = {Catalogue of Oriental Coins in the British Museum I--X}}
 @String {BMCRE-long = {H. Mattingly (u. a.), Coins of the Roman Empire in the British Museum (London 1923--1950; \textsuperscript{2}1975)}}
 @String {BMCRRI-III-long = {H. A. Grueber, Coins of the Roman Republic in the British Museum I--III (London 1910)}}%*Abweichung!
 @String {BMetrMus-long = {The Metropolitan Museum of Art Bulletin}}
 @String {BMon-long = {Bulletin monumental}}
 @String {BMonMusPont-long = {Bollettino. Monumenti, musei e gallerie pontificie}}
 @String {BMQ-long = {The British Museum Quarterly}}
 @String {BMQNSuppl-long = {The British Museum Quarterly. News Supplement}}
 @String {BMusBeyrouth-long = {Bulletin du Musée de Beyrouth}}
 @String {BMusBrux-long = {Bulletin des Musées royaux d'art et d'histoire, Bruxelles}}
 @String {BMusCadiz-long = {Boletín del Museo de Cádiz}}
 @String {BMusCivRom-long = {Bullettino del Museo della civiltà romana}}
 @String {BMusFA-long = {Bulletin. Museum of Fine Arts, Boston}}
 @String {BMusHongr-long = {Bulletin du Musée hongrois des beaux-arts}}
 @String {BMusMadr-long = {Boletín del Museo arqueológico nacional, Madrid}}
 @String {BMusMich-long = {Bulletin. Museums of Art and Archaeology, University of Michigan}}
 @String {BMusMonaco-long = {Bulletin du Musée d'anthropologie préhistorique de Monaco}}
 @String {BMusPadova-long = {Bollettino del Museo civico di Padova}}
 @String {BMusPBelArt-long = {Boletín del Museo provincial de bellas artes}}
 @String {BMusRom-long = {Bollettino dei Musei comunali di Roma}}
 @String {BMusVars-long = {Bulletin du Musée national de Varsovie}}
 @String {BMusZaragoza-long = {Museo de Zaragoza. Boletín}}
 @String {BNumParis-long = {Bulletin de la Société française de numismatique}}
 @String {BNumRoma-long = {Bollettino di numismatica}}
 @String {Bogazkoey-Hattusa-long = {Boğazköy-Hattuša. Ergebnisse der Ausgrabungen}}%*Abweichung!
 @String {Bolskan-long = {Bolskan. Revista de arqueología del Instituto de estudios Altoaragoneses, revista de arqueología Oscense}}
 @String {BonnHVg-long = {Bonner Hefte zur Vorgeschichte}}
 @String {BOntMus-long = {Bulletin of the Royal Ontario Museum of Archaeology, University of Toronto}}
 @String {Boreas-long = {Boreas. Münstersche Beiträge zur Archäologie}}
 @String {BoreasUpps-long = {Boreas. Uppsala Studies in Ancient Mediterranean and Near Eastern Civilization}}
 @String {BPeintRom-long = {Bulletin de liaison. Centre d'études des peintures murales romaines}}
 @String {BPI-long = {Bullettino di paletnologia italiana}}
 @String {BPrehistAlp-long = {Bulletin d'études préhistoriques alpines}}%*Abweichung!
 @String {BProAvent-long = {Bulletin de l'Association Pro Aventico}}
 @String {BProvidence-long = {Bulletin of the Rhode Island School of Design. Museum Notes}}
 @String {BracAug-long = {Bracara Augusta. Revista cultural da Câmara municipal de Braga}}
 @String {BracaraAugusta-long = {Bracara Augusta. Revista cultural da Câmara municipal de Braga}}
 @String {BremABl-long = {Bremer archäologische Blätter}}
 @String {BRest-long = {Bollettino dell'Istituto centrale del restauro}}
 @String {Brigantium-long = {Brigantium. Museo arqueolóxico e histórico}}
 @String {BrMusYearbook-long = {The British Museum Yearbook}}
 @String {BSA-long = {The Annual of the British School at Athens}}
 @String {BSAA-long = {Boletín del Seminario de estudios de arte y arqueología, Universidad de Valladolid}}
 @String {BSFE-long = {Bulletin de la Société française d'égyptologie}}
 @String {BSiena-long = {Bullettino senese di storia patria}}
 @String {BSOAS-long = {Bulletin of the School of Oriental and African Studies (London)}}
 @String {BSocAChamp-long = {Bulletin de la Société archéologique champenoise}}
 @String {BSocBiblReinach-long = {Bulletin de liaison de la Société des amis de la Bibliothèque Salomon Reinach}}
 @String {BSocNumRom-long = {Buletinul Societăţii numismatice române}}
 @String {BSR-long = {Papers of the British School at Rome}}
 @String {BStLat-long = {Bollettino di studi latini}}
 @String {BStorArt-long = {Bollettino della Unione storia ed arte}}
 @String {BTextilAnc-long = {Bulletin du Centre international d'étude des textiles anciens}}
 @String {BTorino-long = {Bollettino della Società piemontese di archeologia e belle arti}}
 @String {BTravTun-long = {Bulletin des travaux de l'Institut national du patrimoine. Comptes rendus}}
 @String {BudReg-long = {Budapest régiségei}}
 @String {BulletinGetty-long = {Bulletin. J. Paul Getty Museum of Art}}
 @String {BulletinNorthampton-long = {Bulletin. Smith College Museum of Art}}
 @String {BVallad-long = {Boletín del Seminario de estudios de arte y arqueología, Universidad de Valladolid}}
 @String {BVitoria-long = {Boletín de la Institución »Sancho el Sabio«}}
 @String {BWaltersArtGal-long = {The Walters Art Gallery Bulletin}}
 @String {BWPr-long = {Winckelmannsprogramm der Archäologischen Gesellschaft zu Berlin}}
 @String {Byzantina-long = {Βυζαντινά. Επιστημονικόν Όργανον Κέντρου Βυζαντινών Ερευνών Φιλοσοφικής Σχολής Αριστοτελείου Πανεπιστημίου Θεσσαλονίκης}}
 @String {ByzF-long = {Byzantinische Forschungen. Internationale Zeitschrift für Byzantinistik}}
 @String {ByzJb-long = {Byzantinisch-neugriechische Jahrbücher}}
 @String {ByzZ-long = {Byzantinische Zeitschrift}}
 @String {BZ-long = {Biblische Zeitschrift}}
 @String {CAA-long = {Corpus antiquitatum Aegyptiacarum}}
 @String {CAD-long = {The Assyrian Dictionary of the Oriental Institute of the University of Chicago}}
 @String {CadA-long = {Cadernos de arqueologia}}
 @String {Caesaraugusta-long = {Caesaraugusta. Publicaciones del Seminario de Arqueología y Numismática Aragonesas}}
 @String {Caesarodunum-long = {Caesarodunum. Bulletin de l'Institut d'études latines et du Centre de recherches A. Piganiol}}
 @String {CAH-long = {The Cambridge Ancient History}}
 @String {CahArmeeRom-long = {Cahiers du Groupe de recherches sur l'armée romaine et les provinces}}
 @String {CahASubaqu-long = {Cahiers d'archéologie subaquatique}}
 @String {CahByrsa-long = {Cahiers de Byrsa}}
 @String {CahCEC-long = {Cahier. Centre d'études chypriotes}}
 @String {CahCerEg-long = {Cahiers de la céramique égyptienne}}
 @String {CahDelFrIran-long = {Cahiers de la Délégation française en Iran}}
 @String {CahGlotz-long = {Cahiers du Centre Gustave-Glotz. Revue reconnue par le CNRS}}
 @String {CahKarnak-long = {Cahiers de Karnak}}
 @String {CahLig-long = {Cahiers ligures de préhistoire et de protohistoire}}
 @String {CahMariemont-long = {Les cahiers de Mariemont. Bulletin du Musée royal de Mariemont}}
 @String {CahMusChampollion-long = {Cahiers du Musée Champollion. Histoire et archéologie}}
 @String {CahPEg-long = {Cahiers de recherches de l'Institut de papyrologie et d'égyptologie de Lille. Sociétés urbaines en Égypte et au Soudan}}
 @String {CahRhod-long = {Cahiers rhodaniens}}
 @String {CahTun-long = {Cahiers de Tunisie}}
 @String {CalifStClAnt-long = {California Studies in Classical Antiquity}}
 @String {CambrAJ-long = {Cambridge Archaeological Journal}}
 @String {CArch-long = {Cahiers archéologiques}}
 @String {CarinthiaI-long = {Carinthia I. Geschichtliche und volkskundliche Beiträge zur Heimatkunde Kärntens}}%*Abweichung!
 @String {CarnuntumJb-long = {Carnuntum-Jahrbuch. Zeitschrift für Archäologie und Kulturgeschichte des Donauraumes}}
 @String {Carpica-long = {CarpicaMuzeuljudeeandeistorieiartBacu}}
 @String {Carrobbio-long = {Il Carrobbio. Rivista di studi bolognesi}}
 @String {CAT-long = {Ch. W. Clairmont, Classical Attic Tombstones (Kilchberg 1993--1995)}}
 @String {CE-long = {Cuadernos emeritenses}}
 @String {CEDAC-long = {CEDAC. Bulletin. Centre d'études et de documentation archéologique de la conservation de Cartage}}
 @String {CEFR-long = {Collection de l'École française de Rome}}
 @String {Celticum-long = {Celticum. Supplément à Ogam}}
 @String {CercA-long = {Cercetriarheologice}}
 @String {CercNum-long = {Cercetări numismatice. Muzeul naţional de istorie}}
 @String {Chiron-long = {Chiron. Mitteilungen der Kommission für Alte Geschichte und Epigraphik des Deutschen Archäologischen Instituts}}
 @String {ChronEg-long = {Chronique d'Égypte}}
 @String {CIA-long = {Corpus inscriptionum Atticarum}}
 @String {CIE-long = {Corpus inscriptionum Etruscarum}}
 @String {CIG-long = {Corpus inscriptionum Graecarum}}
 @String {CIH-long = {Corpus inscriptionum Semiticarum. Pars quarta. Inscriptiones himyariticas et sabaeas continens}}
 @String {CIL-long = {Corpus inscriptionum Latinarum}}
 @String {CincArtB-long = {The Cincinnati Art Museum Bulletin}}
 @String {CIS-long = {Corpus inscriptionum Semiticarum}}
 @String {CIstAMilano-long = {Contributi dell'Istituto di archeologia. Pubblicazioni dell'Università cattolica del Sacro Cuore, Milano}}
 @String {CivClCr-long = {Civiltà classica e cristiana}}
 @String {CivPad-long = {Civiltà padana. Archeologia e storia del territorio}}
 @String {ClAnt-long = {Classical Antiquity}}
 @String {ClevStHistArt-long = {Cleveland Studies in the History of Art}}
 @String {Clio-long = {Clio. Revista do Centro de história da Universidade Lisboa}}
 @String {ClIre-long = {Classics Ireland}}
 @String {ClJ-long = {The Classical Journal}}
 @String {ClMediaev-long = {Classica et mediaevalia. Revue danoise de philologie et d'histoire}}
 @String {ClPhil-long = {Classical Philology}}
 @String {ClQ-long = {The Classical Quarterly}}
 @String {ClR-long = {The Classical Review}}
 @String {ClRh-long = {Clara Rhodos}}
 @String {CMatAOr-long = {Contributi e materiali di archeologia orientale}}
 @String {CMGr-long = {Convegni di studi sulla Magna Grecia}}
 @String {CMS-long = {Corpus der minoischen und mykenischen Siegel}}
 @String {CoinHoards-long = {Coin Hoards. The Royal Numismatic Society, London}}%*Abweichung!
 @String {ColloquiSod-long = {Colloqui del Sodalizio}}
 @String {CommunicAHung-long = {Communicationes archaeologicae hungaricae}}
 @String {Complutum-long = {Complutum. Publicaciones del Departamento de prehistoria de la Universidad complutense de Madrid}}
 @String {Conoscenze-long = {Conoscenze. Rivista annuale della Soprintendenza archeologica e per i beni ambientali, architettonici, artistici e storici del Molise}}
 @String {Corduba-long = {Corduba archaeologica}}
 @String {Corinth-long = {Corinth. Results of Excavations Conducted by the American School of Classical Studies at Athens}}
 @String {CRAI-long = {Académie des inscriptions et belles-lettres. Comptes rendus des séances de l'Académie}}
 @String {CretAnt-long = {Creta antica. Rivista annuale di studi archeologici, storici ed epigrafici}}
 @String {CretSt-long = {Cretan Studies}}
 @String {CronA-long = {Cronache di archeologia}}
 @String {CronErcol-long = {Cronache ercolanesi. Bollettino del Centro internazionale per lo studio dei papiri ercolanesi}}
 @String {CronPomp-long = {Cronache pompeiane}}
 @String {CRPetersbourg-long = {Compte-rendu de la Commission impériale archéologique, St. Pétersbourg}}%*Abweichung!
 @String {CSE-long = {Corpus speculorum Etruscorum}}
 @String {CSIR-long = {Corpus signorum Imperii Romani}}
 @String {CSSpecPisa-long = {Contributi della Scuola di specializzazione in archeologia dell'Università degli studi di Pisa}}
 @String {CuadAMed-long = {Cuadernos de arqueología mediterránea}}
 @String {CuadArquitRom-long = {Cuadernos de arquitectura romana}}
 @String {CuadCastellon-long = {Cuadernos de prehistoria y arqueología castellonense}}
 @String {CuadCat-long = {Cuaderni catanesi di studi classici e medievali}}
 @String {CuadFilCl-long = {Cuadernos de filología clásica. Facultad de letras y filosofía, Universidad de Madrid}}
 @String {CuadGallegos-long = {Cuadernos de estudios gallegos}}
 @String {CuadGranada-long = {Cuadernos de prehistoria de la Universidad de Granada}}
 @String {CuadNavarra-long = {Cuadernos de arqueología de la Universidad de Navarra}}
 @String {CuadPrehistA-long = {Cuadernos de prehistoria y arqueología. Universidad autónoma de Madrid}}
 @String {CuadRom-long = {Cuadernos de trabajos de la Escuela española de historia y arqueología en Roma}}
 @String {CuPaUAM-long = {Cuadernos de prehistoria y arqueología. Universidad autónoma de Madrid}}
 @String {CVA-long = {Corpus vasorum antiquorum}}
 @String {CZero-long = {Cota Zero. Revista d'arqueologia i ciencia}}
 @String {DAA-long = {Denkmäler antiker Architektur}}
 @String {Dacia-long = {Dacia. Revue d'archéologie et d'histoire ancienne}}
 @String {DACL-long = {Dictionnaire d'archéologie chrétienne et de liturgie}}
 @String {Dacoromania-long = {Dacoromania. Jahrbuch für östliche Latinität}}
 @String {DaF-long = {Damaszener Forschungen}}
 @String {Daidalos-long = {Daidalos. Studi e ricerche del Dipartimento di scienze del mondo antico}}
 @String {DAIGeschDok-long = {Das Deutsche Archäologische Institut. Geschichte und Dokumente}}
 @String {DaM-long = {Damaszener Mitteilungen}}
 @String {Daremberg-Saglio-long = {Dictionnaire des antiquités grecques et romaines d'après les textes et les monuments. Ouvrage rédigé sous la direction de Ch. Daremberg et E. Saglio}}%*Abweichung!
 @String {DebrecMuzEvk-long = {A Debreceni Déri múzeum évkönyve}}
 @String {Dedalo-long = {Dédalo. Revista de arte e arqueologia}}%*Abweichung!
 @String {Delos-long = {Exploration archéologique de Délos faite par l'École française d'Athènes}}%*Abweichung!
 @String {DeltChrA-long = {Δελτίον της Χριστιανικής Αρχαιολογικής Εταιρείας}}
 @String {Demircihueyuek-long = {Demircihüyük. Die Ergebnisse der Ausgrabungen 1975--1978}}%*Abweichung!
 @String {DeMuseus-long = {De museus. Quaderns de museologia i museografia}}
 @String {DenkmPflBadWuert-long = {Denkmalpflege in Baden-Württemberg}}%*Abweichung!
 @String {DenkschrWien-long = {Österreichische Akademie der Wissenschaften, Philosophisch-Historische Klasse. Denkschriften}}
 @String {Diadora-long = {Diadora. Glasilo arheoloskog muzeja u Zadru}}
 @String {DialA-long = {Dialoghi di archeologia}}
 @String {DialHistAnc-long = {Dialogues d'histoire ancienne}}
 @String {Dike-long = {Dike. Rivista di storia del diritto greco ed ellenistico. Università degli studi di Milano. Facoltà di giurisprudenza}}
 @String {Dioniso-long = {Dioniso. Annale della Fondazione INDA, Istituto nazionale del dramma antico}}
 @String {DiskAB-long = {Diskussionen zur archäologischen Bauforschung}}
 @String {DKuDenkmPfl-long = {Deutsche Kunst und Denkmalpflege}}
 @String {DLZ-long = {Deutsche Literaturzeitung für Kritik der internationalen Wissenschaft}}
 @String {DNP-long = {Der Neue Pauly. Enzyklopädie der Antike}}
 @String {DocAlb-long = {Documenta Albana}}
 @String {DocALouv-long = {Documents d'archéologie régionale. Université catholique de Louvain}}
 @String {DocAMerid-long = {Documents d'archéologie méridionale}}
 @String {DocEmRom-long = {Documenti. Istituto per i beni artistici, culturali, naturali della regione Emilia-Romagna}}
 @String {Dodone-long = {Δωδώνη}}
 @String {DOP-long = {Dumbarton Oaks Papers}}
 @String {DossAlet-long = {Les dossiers du Centre régional archéologique d'Alet}}
 @String {DossAParis-long = {Les dossiers d'archéologie}}
 @String {Dura-Europos-long = {The Excavations at Dura-Europos Conducted by Yale University and the French Academy of Inscriptions and Letters}}
 @String {EAA-long = {Enciclopedia dell'arte antica classica e orientale}}
 @String {EAE-long = {Excavaciones arqueológicas en España}}
 @String {EastWest-long = {East and West}}
 @String {EcAntNimes-long = {École antique de Nîmes. Bulletin annuel}}
 @String {EchosCl-long = {Echos du monde classique. Classical Views}}
 @String {eDAI-F-long = {e-Forschungsberichte des Deutschen Archäologischen Instituts}}
 @String {eDAI-J-long = {e-Jahresberichte des Deutschen Archäologischen Instituts}}
 @String {EgA-long = {Egyptian Archaeology. The Bulletin of the Egypt Exploration Society}}
 @String {Egnatia-long = {Εγνατία. Επιστημονική Επετηρίδα της Φιλοσοφικής Σχολής, Αριστοτέλειο Πανεπιστήμιο Θεσσαλονίκης, Τμήμα Ιστορίας και Αρχαιολογίας}}
 @String {EgVicOr-long = {Egitto e Vicino Oriente}}
 @String {Eikasmos-long = {Εικασμός. Quaderni bolognesi di filologia classica}}
 @String {Eirene-long = {Eirene. Studia Graeca et Latina}}
 @String {Elenchos-long = {Elenchos. Rivista di studi sul pensiero antico}}
 @String {Ellenika-long = {Ελληνικά. Φιλολογικόν, Ιστορικόν και Λαογραφικόν Περιοδικόν Σύγγραμμα}}
 @String {Emerita-long = {Emerita. Revista de linguistica y filología clasica}}
 @String {EmPrerom-long = {Emilia preromana}}
 @String {Empuries-long = {Empúries. Revista de prehistòria, arqueologia i etnologia}}%*Abweichung!
 @String {Enalia-long = {Ενάλια}}
 @String {EnaliaAnn-long = {Enalia. Annual. English Edition of the Hellenic Institute of Marine Archaeology}}
 @String {Enchoria-long = {Enchoria. Zeitschrift für Demotistik und Koptologie}}
 @String {Eos-long = {Eos. Commentarii Societatis philologae Polonorum}}
 @String {EpetBoiotMel-long = {Επετηρίς της Εταιρείας Βοιωτικών Μελετών}}
 @String {EpetByzSpud-long = {Επετηρίς της Εταιρείας Βυζαντινών Σπουδών}}
 @String {EpetKyklMel-long = {Επετηρίς της Εταιρείας Κυκλαδικών Μελετών}}
 @String {EphemDac-long = {Ephemeris Dacoromana. Annuario della Scuola Romena di Roma}}
 @String {EphemNapoc-long = {Ephemeris Napocensis}}
 @String {EpigrAnat-long = {Epigraphica Anatolica. Zeitschrift für Epigraphik und historische Geographie Anatoliens}}
 @String {EpistEpetAth-long = {Επιστημονική Επετηρίς της Φιλοσοφικής Σχολής του Πανεπιστημίου Αθηνών}}
 @String {EpistEpetPolytThess-long = {Επιστημονική Επετηρίδα της Πολυτεχνικής Σχολής, Αριστοτέλειο Πανεπιστήμιο Θεσσαλονίκης, Τμήμα Αρχιτεκτόνων}}
 @String {EpistEpetThess-long = {Επιστημονική Επετηρίδα της Φιλοσοφικής Σχολής του Πανεπιστημίου Θεσσαλονίκης}}
 @String {EPRO-long = {Études préliminaires aux religions orientales dans l'empire romain}}
 @String {Eranos-long = {Eranos. Acta philologica Suecana}}
 @String {EranosJb-long = {Eranos-Jahrbuch}}
 @String {Eretria-long = {Eretria. Fouilles et recherches}}
 @String {Eretz-Israel-long = {Eretz-Israel. Archaeological, Historical and Geographical Studies}}
 @String {Ergon-long = {Το Έργον της Αρχαιολογικής Εταιρείας}}
 @String {ESA-long = {Eurasia septentrionalis antiqua}}
 @String {EspacioHist-long = {Espacio, tiempo y forma. Revista de la Facultad de geografia e historia. Serie 2, Historia antigua}}
 @String {EstMadr-long = {Estudios de prehistoria y arqueología madrileñas}}
 @String {EstZaragoza-long = {Estudios del Seminario de prehistoria, arqueología e historia antigua de la Facultad de filosofía y letras de Zaragoza}}
 @String {EtACl-long = {Études d'archéologie classique}}
 @String {EtCl-long = {Les études classiques. Revue trimestrielle de recherche et d'enseignement}}
 @String {EtClAix-long = {Études classiques. Faculté des lettres et sciences humaines d'Aix}}
 @String {EtCret-long = {Études crétoises}}
 @String {Ethnos-long = {Ethnos. Revista do Instituto português de arqueología, história e etnografia}}
 @String {EtP-long = {Études de papyrologie}}
 @String {EtPezenas-long = {Études sur Pézenas et l'Hérault}}%*Abweichung!
 @String {EtrSt-long = {Etruscan Studies. Journal of the Etruscan Foundation}}
 @String {Etruscans-long = {Etruscans. Bulletin of the Etruscan Foundation}}
 @String {EtTrav-long = {Études et travaux. Studia i prace. Travaux du Centre d'archéologie méditerranéenne de l'Académie des sciences polonaise}}
 @String {Eulimene-long = {Ευλιμένη (Μεσογειακή Αρχαιολογική Εταιρεία)}}
 @String {Eunomia-long = {Eunomia. Ephemeridis Listy filologické supplementum}}
 @String {Euphrosyne-long = {Euphrosyne. Revista de filologia clássica}}
 @String {EurAnt-long = {Eurasia antiqua}}
 @String {EurRHist-long = {European Review of History. Revue européenne d'histoire}}
 @String {Eutopia-long = {Eutopia. Commentarii novi de antiquitatibus totius Europae}}
 @String {EVP-long = {J. D. Beazley, Etruscan Vase Painting (Oxford 1947)}}
 @String {ExcIsr-long = {Excavations and Surveys in Israel}}
 @String {Expedition-long = {Expedition. The Magazine of Archaeology, Anthropology}}
 @String {ExtremA-long = {Extremadura arqueológica}}
 @String {FA-long = {Fasti archaeologici}}
 @String {FAAK-long = {Forschungen zur Archäologie Außereuropäischer Kulturen}}
 @String {Faenza-long = {Faenza. Bollettino del Museo internazionale delle ceramiche in Faenza. Rivista bimestrale di studi storici e di tecnica dell'arte ceramica}}
 @String {FAVA-long = {Forschungen zur Allgemeinen und Vergleichenden Archäologie}}
 @String {Faventia-long = {Faventia. Departement de clássiques, Facultat de letres, Universitat autónoma de Barcelona}}
 @String {FBerBadWuert-long = {Forschungen und Berichte zur Vor- und Frühgeschichte in Baden-"-Württemberg}}%*Abweichung!
 @String {FdC-long = {Fouilles de Conimbriga. Publiées sous la direction de J. Alarcão et R. Etienne}}
 @String {FdD-long = {Fouilles de Delphes}}
 @String {FdX-long = {Fouilles de Xanthos}}
 @String {FeddersenWierde-long = {Feddersen Wierde. Die Ergebnisse der Ausgrabung der vorgeschichtlichen Wurt Feddersen Wierde bei Bremerhaven in den Jahren 1955 bis 1963}}%*Abweichung!
 @String {FelRav-long = {Felix Ravenna}}
 @String {FGrHist-long = {F. Jacoby, Die Fragmente der griechischen Historiker}}
 @String {FHG-long = {Fragmenta historicorum Graecorum}}
 @String {FiA-long = {Forschungen in Augst}}
 @String {FichEpigr-long = {Ficheiro epigráfico. Suplemento de »Conimbriga«}}
 @String {FiE-long = {Forschungen in Ephesos}}
 @String {FIFAO-long = {Fouilles de l'Institut français d'archéologie orientale du Caire}}
 @String {Figlina-long = {Figlina. Documents du Laboratoire de céramologie de Lyon}}
 @String {Florentia-long = {Florentia. Studi di archeologia}}
 @String {FlorIl-long = {Florentia Iliberritana. Revista de estudios de antigüedad clásica}}
 @String {FMRD-long = {Die Fundmünzen der römischen Zeit in Deutschland}}
 @String {FMROe-long = {Fundmünzen der römischen Zeit in Österreich}}%*Abweichung!
 @String {FoggArtMusAcqu-long = {Fogg Art Museum. Acquisitions}}
 @String {FolA-long = {Folia archaeologica}}
 @String {FolOr-long = {Folia orientalia}}
 @String {Fonaments-long = {Fonaments. Prehistòria i mon antic als Paisos Catalans}}
 @String {Fondamenti-long = {Fondamenti. Rivista quadrimestrale di cultura}}
 @String {FontAPos-long = {Fontes archaeologici Posnanienses}}
 @String {Fontes-long = {Fontes. Rivista di filologia, iconografia e storia della tradizione classica}}
 @String {Forlimpopoli-long = {Forlimpopoli. Documenti e studi}}
 @String {Fornvaennen-long = {Fornvännen. Tidskrift för svensk antikvarisk forskning}}%*Abweichung!
 @String {Forum-long = {Forum. Revue du Groupe d'archéologie antique}}
 @String {FR-long = {A. Furtwängler – K. Reichhold, Griechische Vasenmalerei (München 1900--1925)}}
 @String {FruehMitAltSt-long = {Frühmittelalterliche Studien. Jahrbuch des Instituts für Frühmittelalterforschung der Universität Münster}}%*Abweichung!
 @String {FuAusgrTrier-long = {Funde und Ausgrabungen im Bezirk Trier}}
 @String {FuB-long = {Forschungen und Berichte. Staatliche Museen zu Berlin}}
 @String {FuBerBadWuert-long = {Fundberichte aus Baden-Württemberg}}%*Abweichung!
 @String {FuBerHessen-long = {Fundberichte aus Hessen}}
 @String {FuBerOe-long = {Fundberichte aus Österreich}}%*Abweichung!
 @String {FuBerSchwab-long = {Fundberichte aus Schwaben}}
 @String {FuF-long = {Forschungen und Fortschritte}}
 @String {FuWien-long = {Fundort Wien. Berichte zur Archäologie}}
 @String {GacNum-long = {Gaceta numismática}}
 @String {Gades-long = {Gades. Revista del Colegio universitario de filosofía y letras}}
 @String {Gallaecia-long = {Gallaecia. Publicación del Departamento de prehistoria y arqueología}}
 @String {Gallia-long = {Gallia. Fouilles et monuments archéologiques en France metropolitaine}}
 @String {GalliaInf-long = {Gallia informations. Préhistoire et histoire}}
 @String {GalliaInfAReg-long = {Gallia informations. L'archéologie des régions}}
 @String {GalliaPrehist-long = {Gallia préhistoire. Archéologie de la France préhistorique}}
 @String {GaR-long = {Greece and Rome}}
 @String {GazBA-long = {Gazette des beaux-arts}}
 @String {Genava-long = {Genava. Revue d'histoire de l'art et d'archéologie}}
 @String {GeoAnt-long = {Geographia antiqua. Rivista di geografia storica del mondo antico e di storia della geografia}}
 @String {Germania-long = {Germania. Anzeiger der Römisch-Germanischen Kommission des Deutschen Archäologischen Instituts}}
 @String {Gesta-long = {Gesta. International Center of Medieval Art}}
 @String {GettyMusJ-long = {The J. Paul Getty Museum Journal}}
 @String {GFA-long = {Göttinger Forum für Altertumswissenschaft}}
 @String {GGA-long = {Göttingische Gelehrte Anzeigen}}
 @String {GiornFilFerr-long = {Giornale filologico ferrarese}}
 @String {GiornItFil-long = {Giornale italiano di filologia}}
 @String {GiornStorLun-long = {Giornale storico della Lunigiana e del territorio lucense}}
 @String {GiRoccPalermo-long = {Giglio di roccia}}
 @String {Gladius-long = {Gladius. Estudios sobre armas antiguas, armamento, arte militar y vida cultural en Oriente y Occidente}}
 @String {GlasAJ-long = {Glasgow Archaeological Journal}}
 @String {GlasBeograd-long = {GlasnikSrpskoarheolokodrutvo}}
 @String {GlasSarajevo-long = {Glasnik Zemaljskog muzeja Bosne i Hercegovie u Sarajevu. Arheologija}}
 @String {Glotta-long = {Glotta. Zeitschrift für griechische und lateinische Sprache}}
 @String {Gnomon-long = {Gnomon. Kritische Zeitschrift für die gesamte klassische Altertumswissenschaft}}
 @String {GodDepA-long = {Godišnik na Departament archeologija}}
 @String {GodMuzPlov-long = {Godišnik na Archeologičeski muzej Plovdiv. Annuaire du Musée archéologique Plovdiv}}
 @String {GodMuzSof-long = {Godišnik na Nacionalnija archeologičeski muzej. Annuaire du Musée national archéologique (Sofia)}}
 @String {GodZborSkopje-long = {Godišen zbornik na Filozofskiot fakultet na Universitetot vo Skopje}}
 @String {GorLet-long = {Goriški letnik. Zbornik Goriškega muzeja}}
 @String {GoettMisz-long = {Göttinger Miszellen. Beiträge zur ägyptologischen Diskussion}}%*Abweichung!
 @String {GraRaspr-long = {Građa i rasprave. Arheološki muzej Istre, Pula}}
 @String {GrazBeitr-long = {Grazer Beiträge. Zeitschrift für die Klassische Altertumswissenschaft}}
 @String {GrLatOr-long = {Graecolatina et orientalia. Zborník Filozofickej fakulty Univerzity Komenského}}
 @String {GrLatPrag-long = {Graecolatina Pragensia. Acta Universitatis Carolinae. Philologica}}
 @String {GrRomByzSt-long = {Greek, Roman and Byzantine Studies}}
 @String {Gymnasium-long = {Gymnasium. Zeitschrift für Kultur der Antike und humanistische Bildung}}
 @String {Habis-long = {Habis. Universidad de Sevilla. Arqueología, filología clásica}}
 @String {HallWPr-long = {Hallisches Winckelmannsprogramm}}
 @String {Hama-long = {Hama. Fouilles et recherches de la Fondation Carlsberg}}
 @String {HambBeitrA-long = {Hamburger Beiträge zur Archäologie}}
 @String {HambBeitrNum-long = {Hamburger Beiträge zur Numismatik}}
 @String {Handlingar-long = {Kungliga vitterhets historie och antikvitets akademiens handlingar. Antikvariska serien}}
 @String {HarvStClPhil-long = {Harvard Studies in Classical Philology}}
 @String {HarvTheolR-long = {The Harvard Theological Review}}
 @String {HASB-long = {Hefte des Archäologischen Seminars der Universität Bern}}
 @String {HAW-long = {Handbuch der Altertumswissenschaften}}
 @String {HdArch-long = {Handbuch der Archäologie}}
 @String {Head-long = {B. V. Head, Historia Numorum. A Manual of Greek Numismatics (Oxford 1887; 1911)}}
 @String {Helbig-long = {W. Helbig, Führer durch die öffentlichen Sammlungen klassischer Altertümer in Rom}}
 @String {Helike-long = {Helike. Universidad nacional de educación a distancia, Centro regional de Elche}}
 @String {Helikon-long = {Helikon. Rivista di tradizione e cultura classica}}
 @String {Helinium-long = {Helinium. Revue consacrée à l'archéologie des Pays-Bas, de la Belgique et du Grand-Duché de Luxembourg}}
 @String {Helios-long = {Helios. A Journal Devoted to Critical and Methodological Studies of Classical Culture, Literature and Society}}
 @String {HellenikaJb-long = {Hellenika. Jahrbuch für die Freunde Griechenlands}}
 @String {HelvA-long = {Helvetia archaeologica}}
 @String {Hephaistos-long = {Hephaistos. Kritische Zeitschrift zur Theorie und Praxis der Archäologie und angrenzender Wissenschaften}}
 @String {Hermes-long = {Hermes. Zeitschrift für klassische Philologie}}
 @String {Herrscherbild-long = {Das römische Herrscherbild}}
 @String {Hesperia-long = {Hesperia. Journal of the American School of Classical Studies at Athens}}
 @String {Hispania-long = {Hispania. Revista española de historia}}
 @String {HispAnt-long = {Hispania antiqua. Revista de historia antigua}}
 @String {HispAntEpigr-long = {Hispania antiqua epigraphica}}
 @String {HispEpigr-long = {Hispania epigraphica}}
 @String {HistAnthr-long = {Historische Anthropologie. Kultur, Gesellschaft, Alltag}}
 @String {HistArt-long = {Histoire de l'art. Bulletin d'information de l'Institut National d'Histoire de l'Art}}
 @String {Historia-long = {Historia. Zeitschrift für Alte Geschichte}}
 @String {Historica-long = {Historica. Academia RSR. Centrul de istorie, filologie şi etnografie din Craiova}}
 @String {Histria-long = {Histria. Les résultats des fouilles}}
 @String {HistriaA-long = {Histria archaeologica}}
 @String {HistriaAnt-long = {Histria antiqua. Casopis Meunarodnog Istraivakog Centra za Arheologiju. Journal of the International Research Centre for Archeology}}
 @String {HistSprF-long = {Historische Sprachforschung}}
 @String {HKL-long = {R. Borger, Handbuch der Keilschriftliteratur (Berlin 1967--1975)}}
 @String {Horos-long = {Ηόρος. Ἔνα Ἀρχαιογνωστικò Περιοδικό}}
 @String {HSS-long = {Harvard Semitic Series}}
 @String {HuelvaA-long = {Huelva arqueológica}}
 @String {HumBild-long = {Humanistische Bildung}}
 @String {Hyp-long = {Hyperboreus. Studia classica}}
 @String {HZ-long = {Historische Zeitschrift}}
 @String {IA-long = {Iberia archaeologica}}
 @String {Iberia-long = {Iberia. Revista della antigüedad}}
 @String {IEJ-long = {Israel Exploration Journal}}
 @String {IG-long = {Inscriptiones Graecae}}
 @String {IGCH-long = {M. Thompson – C. M. Kraay – O. Mørkholm, An Inventory of Greek Coin Hoards (New York 1973)}}
 @String {IGR-long = {Inscriptiones Graecae ad res Romanas pertinentes}}
 @String {IK-long = {Inschriften griechischer Städte aus Kleinasien}}
 @String {Ilerda-long = {Ilerda. Instituto de estudios ilerdenses}}
 @String {Iliria-long = {Iliria. Revistë arkeologjike}}
 @String {IllinClSt-long = {Illinois Classical Studies}}
 @String {ILN-long = {The Illustrated London News}}
 @String {ILS-long = {H. Dessau, Inscriptiones Latinae selectae (Berlin 1892--1916)}}
 @String {IndexQuad-long = {Index. Quaderni camerti di studi romanistici}}
 @String {IndogermF-long = {Indogermanische Forschungen}}
 @String {IndUnArtB-long = {Indiana University Art Museum Bulletin}}
 @String {InsFulc-long = {Insula Fulcheria}}
 @String {InstNautAQ-long = {The Institute of Nautical Archaeology Quarterly}}
 @String {IntJClTrad-long = {International Journal of the Classical Tradition}}
 @String {IntJNautA-long = {International Journal of Nautical Archaeology}}
 @String {IntZSchauBibelWiss-long = {Internationale Zeitschriftenschau für Bibelwissenschaft und Grenzgebiete}}
 @String {InvLuc-long = {Invigilata lucernis}}
 @String {Ipek-long = {Jahrbuch für prähistorische und ethnographische Kunst}}
 @String {Iran-long = {Iran. Journal of the British Institute of Persian Studies}}
 @String {IrAnt-long = {Iranica antiqua}}
 @String {IsrMusJ-long = {The Israel Museum Journal}}
 @String {IsrMusN-long = {The Israel Museum News}}
 @String {IsrMusStA-long = {Israel Museum Studies in Archaeology. An Annual Publication by the Samuel Bronfman Biblical and Archaeological Museum of the Israel Museum, Jerusalem}}
 @String {IsrNumJ-long = {Israel Numismatic Journal}}
 @String {IstanbAMuezYil-long = {Istanbul Arkeoloji Müzeleri yıllığı}}%*Abweichung!
 @String {IstForsch-long = {Istanbuler Forschungen}}
 @String {Isthmia-long = {Isthmia. Excavations by the University of Chicago under the Auspices of the American School of Classical Studies at Athens}}
 @String {IstMitt-long = {Istanbuler Mitteilungen}}
 @String {Italica-long = {Italica. Cuadernos de trabajos de la Escuela española de historia y arqueología en Roma}}
 @String {ItNostr-long = {Italia nostra}}
 @String {IzvBurgas-long = {Izvestija na Narodnija muzej Burgas. Bulletin du Musée national de Bourgas}}
 @String {IzvMuzJuzBalg-long = {Izvestija na muzeite ot Južna Bălgarija. Bulletin des musées de la Bulgarie du Sud}}%*Abweichung
 @String {IzvVarna-long = {Izvestija na Narodnija muzej Varna}}
 @String {Jabega-long = {Jábega. Revista de la Disputación provincial de Málaga}}%*Abweichung!
 @String {JadrZbor-long = {Jadranski zbornik. Prilozi za povijest Istre, Rijeke i Hrvatskog primorja}}
 @String {JAOS-long = {Journal of the American Oriental Society}}
 @String {JARCE-long = {Journal of the American Research Center in Egypt}}
 @String {JASc-long = {Journal of Archaeological Science}}
 @String {JbAC-long = {Jahrbuch für Antike und Christentum}}
 @String {JbAkMainz-long = {Jahrbuch. Akademie der Wissenschaften und der Literatur, Mainz}}
 @String {JbBadWuert-long = {Jahrbuch der Staatlichen Kunstsammlungen in Baden-Württemberg}}%*Abweichung!
 @String {JbBerlMus-long = {Jahrbuch der Berliner Museen}}
 @String {JbBernHistMus-long = {Jahrbuch des Bernischen Historischen Museums in Bern}}
 @String {JberAugst-long = {Jahresberichte aus Augst und Kaiseraugst}}
 @String {JberBasel-long = {Jahresbericht der Archäologischen Bodenforschung des Kantons Basel-Stadt}}
 @String {JberBayDenkmPfl-long = {Jahresbericht der Bayerischen Bodendenkmalpflege}}
 @String {JberProVindon-long = {Jahresbericht. Gesellschaft Pro Vindonissa}}
 @String {JberVgFrankf-long = {Jahresbericht des Instituts für Vorgeschichte der Universität Frankfurt a. M.}}
 @String {JberZuerich-long = {Jahresbericht. Schweizerisches Landesmuseum Zürich}}%*Abweichung!
 @String {JbGoett-long = {Jahrbuch der Akademie der Wissenschaften in Göttingen}}%*Abweichung!
 @String {JbHambKuSamml-long = {Jahrbuch der Hamburger Kunstsammlungen}}
 @String {JbKHMWien-long = {Jahrbuch des Kunsthistorischen Museums Wien}}
 @String {JbKHSWien-long = {Jahrbuch der Kunsthistorischen Sammlungen in Wien}}
 @String {JbKleinasF-long = {Jahrbuch für kleinasiatische Forschung}}
 @String {JbMuench-long = {Bayerische Akademie der Wissenschaften. Jahrbuch}}%*Abweichung!
 @String {JbMusKGHamb-long = {Jahrbuch des Museums für Kunst und Gewerbe, Hamburg}}
 @String {JbMusLinz-long = {Jahrbuch des Oberösterreichischen Musealvereins}}
 @String {JbOeByz-long = {Jahrbuch der Österreichischen Byzantinistik}}%*Abweichung!
 @String {JbPreussKul-long = {Jahrbuch Preussischer Kulturbesitz}}
 @String {JbRGZM-long = {Jahrbuch des Römisch-Germanischen Zentralmuseums Mainz}}
 @String {JbSchwUrgesch-long = {Jahrbuch der Schweizerischen Gesellschaft für Ur- und Frühgeschichte}}
 @String {JCS-long = {Journal of Cuneiform Studies}}
 @String {JdI-long = {Jahrbuch des Deutschen Archäologischen Instituts}}
 @String {JEA-long = {The Journal of Egyptian Archaeology}}
 @String {JEChrSt-long = {Journal of Early Christian Studies. Journal of the North American Patristics Society}}
 @String {JEOL-long = {Jaarbericht van het Vooraziatisch-Egyptisch Genootschap Ex Oriente Lux}}
 @String {JewelSt-long = {Jewellery Studies}}
 @String {JFieldA-long = {Journal of Field Archaeology}}
 @String {JGS-long = {Journal of Glass Studies}}
 @String {JHS-long = {The Journal of Hellenic Studies}}
 @String {JIbA-long = {Journal of Iberian Archaeology}}
 @String {JJurP-long = {The Journal of Juristic Papyrology}}
 @String {JKuGesch-long = {Journal für Kunstgeschichte}}
 @String {JMedA-long = {Journal of Mediterranean Archaeology}}
 @String {JMedAnthrA-long = {Journal of Mediterranean Anthropology and Archaeology}}
 @String {JMithrSt-long = {Journal of Mithraic Studies}}
 @String {JNES-long = {Journal of Near Eastern Studies}}
 @String {JNG-long = {Jahrbuch für Numismatik und Geldgeschichte}}
 @String {JPrehistRel-long = {Journal of Prehistoric Religion}}
 @String {JRA-long = {Journal of Roman Archaeology}}
 @String {JRomMilSt-long = {Journal of Roman Military Equipment Studies}}
 @String {JRomPotSt-long = {Journal of Roman Pottery Studies}}
 @String {JRS-long = {The Journal of Roman Studies}}
 @String {JSav-long = {Journal des savants}}
 @String {JSchrVgHalle-long = {Jahresschrift für mitteldeutsche Vorgeschichte}}
 @String {JSS-long = {Journal of Semitic Studies}}
 @String {JTheorA-long = {Journal of Theoretical Archaeology}}
 @String {Jura-long = {Iura. Rivista internazionale di diritto romano e antico}}
 @String {JWaltersArtGal-long = {The Journal of the Walters Art Gallery}}
 @String {JWCI-long = {Journal of the Warburg and Courtauld Institutes}}
 @String {Kadmos-long = {Kadmos. Zeitschrift für vor- und frühgriechische Epigraphik}}
 @String {Kairos-long = {Kairos. Zeitschrift für Judaistik und Religionswissenschaft}}
 @String {Kalapodi-long = {Kalapodi. Ergebnisse der Ausgrabungen im Heiligtum der Artemis und des Apollon von Hyampolis in der antiken Phokis}}
 @String {Kalathos-long = {Kalathos. Revista del Seminario de arqueología y etnología Turolense, Universidad de Teruel}}
 @String {Kalos-long = {Kalós. Arte in Sicilia}}%*Abweichung!
 @String {Karthago-long = {Karthago. Revue d'archéologie mediterranéenne}}
 @String {Kemi-long = {Kêmi. Revue de philologie et d'archéologie égytiennes et coptes}}%*Abweichung!
 @String {Kenchreai-long = {Kenchreai. Eastern Port of Corinth. Results of Investigations by the University of Chicago and Indiana University for the American School of Classical Studies at Athens}}
 @String {KentAR-long = {Kent Archaeological Review}}
 @String {Keos-long = {Keos. Results of Excavations Conducted by the University of Cincinnati under the Auspices of the American School of Classical Studies at Athens}}
 @String {Kerameikos-long = {Kerameikos. Ergebnisse der Ausgrabungen}}
 @String {Kernos-long = {Kernos. Revue internationale et pluridisciplinaire de religion grecque antique}}
 @String {Klearchos-long = {Klearchos. Bollettino dell'Associazione Amici del Museo nazionale di Reggio Calabria}}
 @String {Kleos-long = {Kleos. Estemporaneo di studi e testi sulla fortuna dell'antico}}
 @String {Klio-long = {Klio. Beiträge zur alten Geschichte}}
 @String {Kodai-long = {Kodai. Journal of Ancient History}}
 @String {KoelnJb-long = {Kölner Jahrbuch}}%*Abweichung!
 @String {KoelnMusB-long = {Kölner Museums-Bulletin. Berichte und Forschungen aus den Museen der Stadt Köln}}%*Abweichung!
 @String {Kokalos-long = {Kώκαλος. Studi pubblicati dall’Istituto di storia antica dell’Università di Palermo}}%*Abweichung!
 @String {KollAVA-long = {Kolloquien zur Allgemeinen und Vergleichenden Archäologie}}
 @String {Kratylos-long = {Kratylos. Kritisches Berichts- und Rezensionsorgan für indogermanische und allgemeine Sprachwissenschaft}}
 @String {KretChron-long = {Κρητικά Χρονικά}}
 @String {KSIA-long = {Kratkie soobščenija o dokladach i polevych issledovanijach Instituta archeologii}}
 @String {KSIAKiev-long = {Kratkie soobščenija Instituta archeologii, Kiev}}
 @String {KST-long = {Kazı Sonuçları Toplantısı}}
 @String {Ktema-long = {Ktema. Civilisations de l'Orient, de la Grèce et de Rome antiques}}
 @String {KuGeschAnz-long = {Kunstgeschichtliche Anzeigen}}
 @String {Kuml-long = {Kuml. Årbog for Jysk Arkaeologisk Selskab}}
 @String {Kunstchronik-long = {Kunstchronik. Monatsschrift für Kunstwissenschaft, Museumswesen und Denkmalpflege, Mitteilungsblatt des Verbandes Deutscher Kunsthistoriker}}
 @String {KuOr-long = {Kunst des Orients}}
 @String {Kush-long = {Kush. Journal of the National Corporation for Antiquities and Museums (NCAM)}}
 @String {KuWeltBerlMus-long = {Kunst der Welt in den Berliner Museen}}
 @String {KypA-long = {Κυπριακή Αρχαιολογία. Archaeologia Cypria}}
 @String {KypSpud-long = {Κυπριακαì Σπουδαί}}
 @String {Labeo-long = {Labeo. Rassegna di ritritto romano}}
 @String {LAe-long = {Lexikon der Ägyptologie}}%*Abweichung!
 @String {Laietania-long = {Laietania. Estudios d'arqueologia del Maresme}}
 @String {Lampas-long = {Lampas. Tijdschrift voor nederlandse classici}}
 @String {Lancia-long = {Lancia. Revista de prehistoria, arqueología e historia antigua del noreste peninsular}}
 @String {LandKunVierJBl-long = {Landeskundliche Vierteljahrsblätter. Trier}}
 @String {LangOrAnc-long = {Langues orientales anciennes. Philologie et linguistique}}
 @String {Latinitas-long = {Latinitas. Commentarii linguae Latinae excolendae provehendae}}
 @String {Latomus-long = {Latomus. Revue d'études latines}}
 @String {Laverna-long = {Laverna. Beiträge zur Wirtschafts- und Sozialgeschichte der Alten Welt}}
 @String {LCS-long = {A. D. Trendall, The Red-figured Vases of Lucania, Campania and Sicily (Oxford 1967--­1983)}}
 @String {Levant-long = {Levant. Journal of the British School of Archaeology in Jerusalem and the British Institute at Amman for Archaeology and History}}
 @String {Lexis-long = {Lexis. Poetica, retorica e comunicazione nella tradizione classica}}
 @String {LF-long = {Listy filologické}}
 @String {LibSt-long = {Libyan Studies}}
 @String {LibyaAnt-long = {Libya antiqua}}
 @String {LibycaBServAnt-long = {Libyca. Bulletin du Service des antiquités. Archéologie, épigraphie}}
 @String {LibycaTrav-long = {Libyca. Travaux du Laboratoire d'anthropologie et d'archéologie préhistorique du Musée du Bardo}}
 @String {Liddell-­Scott-Jones-long = {G. Liddell – R. Scott – H. S. Jones, A Greek-English Lexikon \textsuperscript{9}(1996); Suppl. (1996)}}%*Abweichung!
 @String {LIMC-long = {Lexikon iconographicum mythologiae classicae}}
 @String {Limesforschungen-long = {Limesforschungen. Studien zur Organisation der römischen Reichsgrenze an Rhein und Donau}}
 @String {Lindos-long = {Lindos. Fouilles et recherches}}
 @String {LingIt-long = {Linguistica, epigrafia, filologia italica}}
 @String {LTUR-long = {Lexikon topographicum urbis Romae}}
 @String {Lucentum-long = {Lucentum. Anales de la Universidad de Alicante. Prehistoria, arqueología e historia antigua}}
 @String {LundAR-long = {Lund Archaeological Review}}
 @String {Lustrum-long = {Lustrum. Internationale Forschungsberichte aus dem Bereich des klassischen Altertums}}
 @String {Lykia-long = {Lykia. Anadolu-akdeniz kültürleri}}
 @String {MacActaA-long = {Macedoniae acta archaeologica}}
 @String {Maecenas-long = {Maecenas. Studi sul mondo classico}}
 @String {MAGesGraz-long = {Mitteilungen der Archäologischen Gesellschaft Graz}}
 @String {MAGesStei-long = {Mitteilungen der Archäologischen Gesellschaft Steiermark}}
 @String {Maia-long = {Maia. Rivista di letterature classiche}}
 @String {Mainake-long = {Mainake. Estudios de arqueología Malagueña}}
 @String {MAInstUngAk-long = {Mitteilungen des Archäologischen Instituts der Ungarischen Akademie der Wissenschaften}}
 @String {MainzZ-long = {Mainzer Zeitschrift}}
 @String {MakedNasl-long = {Makedonsko nasledstvo. Spisanie za arheologija, istorija, istorija na umetnosta i etnologija}}
 @String {Makedonika-long = {Μακεδονικά. Σύγγραμμα Περιοδικόν της Εταιρείας Μακεδονικών Σπουδών}}
 @String {MAMA-long = {Monumenta Asiae Minoris antiqua. Publications of the American Society for Archaeological Research in Asia Minor}}
 @String {MAnthrWien-long = {Mitteilungen der Anthropologischen Gesellschaft in Wien}}
 @String {MAR-long = {Monumenta artis Romanae}}
 @String {MarbWPr-long = {Marburger Winckelmann-Programm}}
 @String {Marche-long = {Le Marche. Archeologia, storia, territorio}}
 @String {Mari-long = {Mari. Annales de recherches interdisciplinaires}}
 @String {Marisia-long = {Marisia. Studii şi materiale. Arheologie, istorie, etnografie}}
 @String {MarNero-long = {Il Mar Nero. Annali di archeologia e storia}}
 @String {Marsyas-long = {Marsyas. Studies in the History of Art}}
 @String {MascaJ-long = {Masca Journal. Museum Applied Science Center for Archaeology, University of Pennsylvania}}
 @String {MascaP-long = {Masca Research Papers in Science and Archaeology}}
 @String {Mastia-long = {Mastia. Revista del Museo arqueológico municipal de Cartagena}}
 @String {MatABSSR-long = {Materialy po archeologii BSSR}}
 @String {MatASevPri-long = {Materialy po archeologii severnogo Pričernomor’ja}}
 @String {MatCercA-long = {Materiale şi cercetări arheologice}}
 @String {MatIsslA-long = {Materialy i issledovanija po archeologii SSSR}}
 @String {MatStar-long = {Materiały starożytne}}
 @String {MatStarWczes-long = {Materiały starożytne i wczesnośredniowieczne}}
 @String {MatTestiCl-long = {Materiali e discussioni per l'analisi dei testi classici}}
 @String {MatWczes-long = {Materiały wczesnośredniowieczne}}
 @String {MAVA-long = {Materialien zur Allgemeinen und Vergleichenden Archäologie}}
 @String {MB-long = {Madrider Beiträge}}
 @String {MBAH-long = {Marburger Beiträge zur antiken Handels-, Wirtschafts- und Sozialgeschichte, vor Jahrgang 2009 Münstersche Beiträge zur antiken Handelsgeschichte}}
 @String {MBlVFruehGesch-long = {Mitteilungsblatt für Vor- und Frühgeschichte}}%*Abweichung!
 @String {MDAIK-long = {Mitteilungen des Deutschen Archäologischen Instituts, Abteilung Kairo}}
 @String {MDAVerb-long = {Mitteilungen des Deutschen Archäologen-Verbandes e.V.}}
 @String {MdI-long = {Mitteilungen des Deutschen Archäologischen Instituts}}
 @String {MDOG-long = {Mitteilungen der Deutschen Orient-Gesellschaft zu Berlin}}
 @String {Meander-long = {Meander. Miesięcznik poświęcony kulturze świata starożytnego}}
 @String {MedA-long = {Mediterranean Archaeology}}
 @String {MedAnt-long = {Mediterraneo antico. Economie, società, culture}}
 @String {MeddelGlypt-long = {Meddelelser fra Ny Carlsberg Glyptotek}}
 @String {MeddelLund-long = {Meddelanden från Lunds universtitets historiska museum}}
 @String {MeddelThor-long = {Meddelelser fra Thorvaldsens Museum}}
 @String {MededRom-long = {Mededelingen van het Nederlands instituut te Rome}}
 @String {MedelhavsMusB-long = {Medelhavsmuseet. Bulletin}}
 @String {MedHistR-long = {Mediterranean Historical Review}}
 @String {MedievA-long = {Medieval Archaeology. Journal of the Society for Medieval Archaeology}}
 @String {MediSec-long = {Medicina nei secoli. Arte e scienza}}
 @String {MEFRA-long = {Mélanges de l'École française de Rome. Antiquité}}
 @String {MelBeyrouth-long = {Mélanges de l'Université Saint-Joseph}}
 @String {MelCasaVelazquez-long = {Mélanges de la Casa de Velázquez. Antiquité et moyen âge}}
 @String {MemAcInscr-long = {Mémoires de l'Académie des inscriptions et belles-lettres}}
 @String {MemAmAc-long = {Memoirs of the American Academy in Rome}}
 @String {MemAnt-long = {Memoria antiquitatis. Acta Musei Petrodavensis. Revista Muzeului arheologic Piatra Neamţ}}
 @String {MemAntFr-long = {Mémoires de la Société nationale des antiquaires de France}}
 @String {MemBarcelA-long = {Memoria. Universidad de Barcelona, Instituto de arqueología y prehistoria}}
 @String {MemBologna-long = {Atti de la Accademia delle scienze dell'Istituto di Bologna. Memorie}}
 @String {MemHistAnt-long = {Memorias de historia antigua (Universidad de Oviedo)}}
 @String {MemInstNatFr-long = {Mémoires de l'Institut national de France}}
 @String {MemLinc-long = {Atti dell'Accademia nazionale dei Lincei, Classe di scienze morali, storiche e filologiche. Memorie}}
 @String {MemNap-long = {Memorie dell'Accademia di archeologia, lettere e belle arti di Napoli}}
 @String {MemPontAc-long = {Atti della Pontificia accademia romana di archeologia. Memorie}}
 @String {MemStor-long = {Memoria storica. Rivista del Centro studi storici terni}}
 @String {MemStorFriuli-long = {Memorie storiche forogiuliesi}}
 @String {Merida-long = {Mérida. Ciudad y patrimonio}}%*Abweichung!
 @String {MeridaMem-long = {Mérida. Excavaciones arqueológicas. Memoria}}%*Abweichung!
 @String {Meroitica-long = {Meroitica. Schriften zur altsudanesischen Geschichte und Archäologie}}
 @String {Mesopotamia-long = {Mesopotamia. Rivista di archeologia}}
 @String {Messana-long = {Messana. Rassegna di studi filologici, linguistici e storici}}
 @String {Metis-long = {Métis. Revue d'anthropologie du monde grec ancien}}%*Abweichung!
 @String {MetrMusJ-long = {Metropolitan Museum Journal}}
 @String {MetrMusSt-long = {Metropolitan Museum Studies}}
 @String {MF-long = {Madrider Forschungen}}
 @String {MFruehChrOe-long = {Mitteilungen zur frühchristlichen Archäologie in Österreich}}%*Abweichung!
 @String {Milet-long = {Milet. Ergebnisse der Ausgrabungen und Untersuchungen seit dem Jahr 1899}}
 @String {MilForsch-long = {Milesische Forschungen}}
 @String {MinEpigrP-long = {Minima epigraphica et papyrologica. Taccuini della cattedra e del laboratorio di epigrafia e papirologia giuridica dell'Università degli studi di Catanzaro »Magna Graecia«}}
 @String {Minerva-long = {Minerva. Revista de filología clásica}}
 @String {Minos-long = {Minos. Revista de filología egea}}
 @String {MInstWasser-long = {Mitteilungen. Leichtweiss-Institut für Wasserbau der Technischen Universität Braunschweig}}
 @String {MIO-long = {Mitteilungen des Instituts für Orientforschung}}
 @String {MiscCrAnt-long = {Miscellanea di studi di letteratura christiana antica}}
 @String {MiscStStor-long = {Miscellanea di studi storici}}
 @String {MitChrA-long = {Mitteilungen zur christlichen Archäologie}}
 @String {MKT-long = {Menschen – Kulturen – Traditionen. Studien aus den Forschungsclustern des Deutschen Archäologischen Instituts}}
 @String {MKuHistFlorenz-long = {Mitteilungen des Kunsthistorischen Institutes in Florenz}}
 @String {MKul-long = {Mitteilungen zur Kulturkunde}}
 @String {MM-long = {Madrider Mitteilungen}}
 @String {Mnemosyne-long = {Mnemosyne. A Journal of Classical Studies}}
 @String {MOeNumGes-long = {Mitteilungen der Österreichischen Numismatischen Gesellschaft}}%*Abweichung!
 @String {MonAnt-long = {Monumenti antichi}}
 @String {MonInst-long = {Monumenti inediti pubblicati dall'Istituto Archeologico}}
 @String {MonPiot-long = {Monuments et mémoires. Fondation E. Piot}}
 @String {MonPitt-long = {Monumenti della pittura antica scoperti in Italia}}
 @String {Mozia-long = {Mozia. Rapporto preliminare della missione congiunta con la Soprintendenza alle antichità della Sicilia occidentale}}
 @String {MPraehistKomWien-long = {Mitteilungen der Prähistorischen Kommission der Österreichischen Akademie der Wissenschaften}}%*Abweichung!
 @String {MSAtene-long = {Monografie della Scuola archeologica di Atene e delle missioni italiane in Oriente}}
 @String {MSchliemann-long = {Mitteilungen aus dem Heinrich-Schliemann-Museum Ankershagen}}
 @String {MSchwUrFruehGesch-long = {Mitteilungsblatt der Schweizerischen Gesellschaft für Ur- und Frühgeschichte}}%*Abweichung!
 @String {MSpaetAByz-long = {Mitteilungen zur spätantiken Archäologie und byzantinischen Kunstgeschichte}}%*Abweichung!
 @String {MueJb-long = {Münchner Jahrbuch der bildenden Kunst}}%*Abweichung!
 @String {MuenchBeitrVFG-long = {Münchner Beiträge zur Vor- und Frühgeschichte}}%*Abweichung!
 @String {MuenchStSprWiss-long = {Münchener Studien zur Sprachwissenschaft}}%*Abweichung!
 @String {MuM-long = {Münzen und Medaillen}}
 @String {MusAfr-long = {Museum Africum. West African Journal of Classical and Related Studies}}
 @String {MusBenaki-long = {Μουσείο Μπενάκη}}
 @String {MusCrit-long = {Museum criticum}}
 @String {Muse-long = {Muse. Annual of the Museum of Art and Archaeology, University of Missouri, Columbia}}
 @String {Museon-long = {Le Muséon. Revue d'études orientales}}%*Abweichung!
 @String {MuseumUnesco-long = {Museum. A Quarterly Review Published by UNESCO}}
 @String {MusFerr-long = {Musei Ferraresi. Bollettino annuale}}
 @String {MusGalIt-long = {Musei e gallerie d'Italia}}
 @String {MusHaaretz-long = {Museum Haaretz, Tel Aviv. Yearbook}}
 @String {MusHelv-long = {Museum Helveticum}}
 @String {MusKoeln-long = {Museen in Köln. Bulletin}}%*Abweichung!
 @String {MusNotAmNumSoc-long = {Museum Notes. The American Numismatic Society}}
 @String {MusPontevedra-long = {El Museo de Pontevedra}}
 @String {MusRiv-long = {Museo in rivista. Notiziario dei Musei civici di Pavia}}
 @String {MusTusc-long = {Museum Tusculanum. København}}
 @String {MuzEvkSzeged-long = {A Móra Ferenc múzeum évkönyve}}
 @String {MuzNa-long = {MuzeulnaionalBucureti}}
 @String {MuzPamKul-long = {Muzei i pametnici na kulturata}}
 @String {NachrArbUWA-long = {Nachrichtenblatt Arbeitskreis Unterwasserarchäologie}}
 @String {NapNobil-long = {Napoli nobilissima}}
 @String {NassAnn-long = {Nassauische Annalen}}
 @String {NAWG-long = {Nachrichten der Akademie der Wissenschaften in Göttingen. Philologisch-Historische Klasse}}
 @String {NBWorcArtMus-long = {News Bulletin and Calendar. Worcester Art Museum}}
 @String {NEphemSemEpigr-long = {Neue Ephemeris für semitische Epigraphik}}
 @String {NewsletterAthen-long = {Newsletter of the Netherlands Institute at Athens}}
 @String {NewsletterPotTech-long = {Newsletter. Department of Pottery Technology, University of Leiden}}
 @String {NGWG-long = {Nachrichten von der Gesellschaft der Wissenschaften zu Göttingen. Philologisch-Historische Klasse}}
 @String {NigCl-long = {Nigeria and the Classics}}
 @String {Nikephoros-long = {Nikephoros. Zeitschrift für Sport und Kultur im Altertum}}
 @String {Nin-long = {Nin. Journal of Gender Studies in Antiquity}}
 @String {NNM-long = {American Numismatic Society. Numismatic Notes and Monographs}}
 @String {NomChron-long = {Νομισματικά Χρονικά. Περιοδική Έκδωσις της Ελληνικής Νομισματικής Εταιρείας}}
 @String {Norba-long = {Norba. Revista de arte, geografía e historia}}
 @String {NordNumArs-long = {Nordisk numismatisk årsskrift. Utgiven av Kungliga vitterhets historie och antikvitets akademien i samarbete med Nordisk numismatisk union}}
 @String {NotABerg-long = {Notizie archeologiche bergomensi. Periodico di archeologia del Civico museo archeologico di Bergamo}}
 @String {NotAHisp-long = {Noticiario arqueológico hispánico. Arqueología}}
 @String {NotAHispPrehistoria-long = {Noticiario arqueológico hispánico. Prehistoria}}
 @String {NotAllumiere-long = {Notiziario. Museo civico, Associazione archeologica, Allumiere}}
 @String {NotALomb-long = {Notiziario. Soprintendenza archeologica della Lombardia}}
 @String {NotMilano-long = {Notizie dal chiostro del monastero maggiore. Rassegna di studi del Civico museo archeologico e del Civico gabinetto numismatico di Milano}}
 @String {NouvClio-long = {La nouvelle Clio}}
 @String {Novaensia-long = {Novaensia. Badania Ekspedycji archeologicznej Uniwersytetu warszawskiego w Novae}}
 @String {NSc-long = {Notizie degli scavi di antichità}}
 @String {NStFan-long = {Nuovi studi fanesi}}
 @String {NubChr-long = {Nubia christiana}}
 @String {NubLet-long = {Nubian Letters}}
 @String {NueBlA-long = {Nürnberger Blätter zur Archäologie. Publikationsreihe des Bildungszentrums der Stadt Nürnberg, Fachbereich Archäologie}}%*Abweichung!
 @String {NumAntCl-long = {Numismatica e antichità classiche. Quaderni ticinesi}}
 @String {Numantia-long = {Numantia. Investigaciones arqueológicas en Castilla y León}}
 @String {NumChron-long = {The Numismatic Chronicle. The Journal of the Royal Society}}
 @String {Numen-long = {Numen. International Review for the History of Religions}}
 @String {NumEpigr-long = {Numizmatika i epigrafika}}
 @String {Numisma-long = {Numisma. Revista de la Sociedad iberoamericana de estudios numismáticos}}
 @String {NumismaticaRom-long = {Numismatica. Periodico di cultura e di informazione numismatica}}
 @String {Numizmaticar-long = {Numizmatičar. Casopis za anticki i stari jugoslavenski novac}}%*Abweichung!
 @String {Nummus-long = {Nummus. Sociedade portuguesa de numismatica}}
 @String {NumZ-long = {Numismatische Zeitschrift}}
 @String {NuovDidask-long = {Nuovo Didaskaleion}}
 @String {OccasPublClSt-long = {Occasional Publications in Classical Studies}}
 @String {OccOr-long = {Occident and Orient}}
 @String {OGIS-long = {W. Dittenberger, Orientis Graeci inscriptiones selectae (Leipzig 1903--­1905)}}
 @String {OeJh-long = {Jahreshefte des Österreichischen Archäologischen Institutes in Wien}}%*Abweichung!
 @String {OF-long = {Olympische Forschungen}}
 @String {Offa-long = {Offa. Berichte und Mitteilungen zur Urgeschiche, Frühgeschichte und Mittelalterarchäologie}}
 @String {Ogam-long = {Ogam. Bulletin des Amis de la tradition celtique}}
 @String {Oikumene-long = {Oikumene. Studia ad historiam antiquam classicam et orientalem pertinentia}}
 @String {OIP-long = {Oriental Institute Publications}}
 @String {Olba-long = {Olba. Mersin Üniversitesi Kilikia Arkeolojisini Araştırma Merkezi yayınları}}
 @String {OlBer-long = {Bericht über die Ausgrabungen in Olympia}}
 @String {Olympia-long = {Olympia. Die Ergebnisse der von dem Deutschen Reich veranstalteten Ausgrabung (Berlin 1890--­1897)}}
 @String {Olynthus-long = {Excavations at Olynthus}}
 @String {OLZ-long = {Orientalistische Literaturzeitung}}
 @String {OpArch-long = {Skrifter utgivna av Svenska institutet i Rom. Opuscula archaeologica}}
 @String {OpAth-long = {Opuscula Atheniensia}}
 @String {OpFin-long = {Opuscula Instituti Romani Finlandiae}}
 @String {OpPomp-long = {Opuscula Pompeiana}}
 @String {OpRom-long = {Opuscula Romana}}
 @String {Opus-long = {Opus. Rivista internazionale per la storia economica e sociale dell’antichità}}
 @String {Or-long = {Orientalia (Pontificio Istituto biblico)}}
 @String {OrA-long = {Orient-Archäologie}}
 @String {OrAnt-long = {Oriens antiquus. Rivista del Centro per le antichità e la storia dell’arte del Vicino Oriente}}
 @String {OrbTerr-long = {Orbis terrarum. Internationale Zeitschrift für historische Geographie der Alten Welt}}
 @String {OrChr-long = {Oriens christianus}}
 @String {OrChrPer-long = {Orientalia christiana periodica}}
 @String {Ordona-long = {Ordona. Rapports et études}}
 @String {Orient-long = {Orient. The Reports of the Society for Near Eastern Studies in Japan}}
 @String {Origini-long = {Origini. Preistoria e protostoria delle civiltà antiche}}
 @String {Orizzonti-long = {Orizzonti. Rassegna di archeologia}}
 @String {Orpheus-long = {Orpheus. Rivista di umanità classica e cristiana}}
 @String {OrpheusThracSt-long = {Orpheus. Journal of Indo-European, Palaeo-Balkan and Thracian Studies}}
 @String {OrSu-long = {Orientalia Suecana. An International Journal of Indological, Iranian, Semitic, Turkic Studies}}
 @String {OsjZbor-long = {Osjekizbornik}}
 @String {OstbGrenzm-long = {Ostbairische Grenzmarken. Passauer Jahrbuch für Geschichte, Kunst und Volkskunde}}
 @String {Ostraka-long = {Ostraka. Rivista di antichità}}
 @String {OudhMeded-long = {Oudheidkundige mededelingen uit het Rijksmuseum van oudheden te Leiden}}
 @String {OxfJA-long = {Oxford Journal of Archaeology}}
 @String {OxfStPhilos-long = {Oxford Studies in Ancient Philosophy}}
 @String {Pact-long = {Pact. Revue du Groupe européen d’études pour les techniques physiques, chimiques et mathématiques appliquées à l’archéologie}}
 @String {Padusa-long = {Padusa. Bolletino del Centro polesano di studi storici, archeologici ed etnografici, Rovigo}}
 @String {PagA-long = {Pagine di archeologia. Studi e materiali}}
 @String {PAI-long = {Polevye archeologičeskie issledovanija}}
 @String {Paideuma-long = {Paideuma. Mitteilungen zur Kulturkunde}}
 @String {Palaeohistoria-long = {Palaeohistoria. Acta et communicationes Instituti bio-archaeologici universitatis Groninganae}}
 @String {Paleohispanica-long = {Paleohispánica. Revista sobre lenguas y culturas de la Hispania antigua}}%*Abweichung!
 @String {Palladio-long = {Palladio. Rivista di storia dell’architettura}}
 @String {Pallas-long = {Pallas. Revue d’études antiques}}
 @String {Palmet-long = {Palmet. Sadberk Hanım Müzesi yıllığı}}
 @String {PamA-long = {Památky archeologické}}
 @String {Pan-long = {Pan. Studi dell’Istituto di filologia latina}}
 @String {PapBilb-long = {Papeles Bilbilitanos}}
 @String {Papyri-long = {Papyri. Bollettino del Museo del papiro}}
 @String {Parthica-long = {Parthica. Incontri di culture nel mondo antico}}
 @String {Partenope-long = {Partenope. Rivista trimestrale di cultura napoletana}}
 @String {PAS-long = {Prähistorische Archäologie in Südosteuropa}}
 @String {PBF-long = {Prähistorische Bronzefunde}}
 @String {Pegasus-long = {Pegasus. Berliner Beiträge zum Nachleben der Antike}}
 @String {PEQ-long = {Palestine Exploration Quarterly}}
 @String {Peristil-long = {Peristil. Zbornik radova za povijest umjetnosti}}
 @String {Persica-long = {Persica. Jaarboek van het Genootschap Nederland-Iran, Stichting voor culturele betrekkingen}}
 @String {Peuce-long = {Peuce. Studii şi comunicări de istorie veche, arheologie şi numismatică}}
 @String {PF-long = {Pergamenische Forschungen}}
 @String {Pharos-long = {Pharos. Journal of the Netherlands Institute at Athens}}
 @String {Philologus-long = {Philologus. Zeitschrift für das klassische Altertum}}
 @String {Phoenix-long = {Phoenix. The Journal of the Classical Association of Canada}}
 @String {PhoenixExOrLux-long = {Phoenix. Bulletin uitgegeven door het Vooraziatisch-Egyptisch Genootschap »Ex Oriente Lux«}}
 @String {Phoibos-long = {Phoibos. Bulletin du Cercle de philologie classique et orientale de l’Université libre de Bruxelles}}
 @String {Phronesis-long = {Phronesis. A Journal for Ancient Philosophy}}
 @String {Picus-long = {Picus. Studi e ricerche sulle Marche nell’antichità}}
 @String {LPIR-long = {Prosopographia Imperii Romani}}
 @String {PKG-long = {Propyläen Kunstgeschichte}}
 @String {Platon-long = {Πλάτον. Δελτίον της Εταιρείας Ελλήνων Φιλολόγων}}
 @String {PLup-long = {Papyrologica Lupiensia}}
 @String {PolAMed-long = {Polish Archaeology in the Mediterranean}}
 @String {Polemon-long = {Πολέμων. Αρχαιολογικόν Περιοδικόν}}
 @String {Polis-long = {Polis. Revista de ideas y formas políticas de la antigüedad clásica}}
 @String {PompHercStab-long = {Pompeii, Herculaneum, Stabiae. Bolletino. Associazione internazionale Amici di Pompei}}
 @String {Pontica-long = {Pontica. Studii şi materiale de istorie, arheologie şi muzeografie, Constanţa}}
 @String {Portugalia-long = {Portugália. Revista do Instituto de arqueologia da Faculdade de letras da Universidade do Porto}}
 @String {PP-long = {La parola del passato}}
 @String {PPM-long = {Pompei: Pitture e mosaici. Enciclopedia dell’arte antica classica e orientale}}
 @String {PraceA-long = {Prace archeologiczne}}
 @String {PraceMatLodz-long = {Prace i materialy Muzeum archeologicznego i etnograficznego w Łodzi}}%*Abweichung!
 @String {Prakt-long = {Πρακτικά της εν Αθήναις Αρχαιολογικής Εταιρείας}}
 @String {PraktAkAth-long = {Πρακτικά της Ακαδημίας Αθηνών}}
 @String {PreistAlp-long = {Preistoria alpina. Museo tridentino di scienze naturali}}
 @String {PriloziZagreb-long = {Prilozi Instituta za arheologiju u Zagrebu}}
 @String {PrincViana-long = {Principe di Viana}}
 @String {ProblIsk-long = {Problemi na izkustvoto. Trimesecno spisanie za estetika, teorija, istorija i kritika na izkustvoto}}
 @String {ProcAfrClAss-long = {The Proceedings of the African Classical Associations}}
 @String {ProcCambrPhilSoc-long = {Proceedings of the Cambridge Philological Society}}
 @String {ProcDanInstAth-long = {Proceedings of the Danish Institute at Athens}}
 @String {ProcPrehistSoc-long = {Proceedings of the Prehistoric Society}}
 @String {Prometheus-long = {Prometheus. Rivista quadrimestrale di studi classici}}
 @String {ProspAQuad-long = {Prospezioni archeologiche. Quaderni}}
 @String {Prospettiva-long = {Prospettiva. Rivista di storia dell’arte antica e moderna}}
 @String {Prospezioni-long = {Prospezioni. Bollettino di informazioni scientifiche}}
 @String {ProvHist-long = {Provence historique}}
 @String {ProvLucca-long = {La provincia di Lucca}}
 @String {PublInstTTMeneses-long = {Publicaciones de la Institución »Tello Téllez de Meneses«}}
 @String {Pulpudeva-long = {Pulpudeva. Semaines philippopolitaines de l’histoire et de la culture thrace}}
 @String {Puteoli-long = {Puteoli. Studi di storia antica}}
 @String {Pyrenae-long = {Pyrenae. Crónica arqueológica}}
 @String {PZ-long = {Prähistorische Zeitschrift}}
 @String {QDAP-long = {The Quarterly of the Department of Antiquities in Palestine}}
 @String {QuadABarcel-long = {Quaderns d’arqueologia i història de la ciutat (Barcelona)}}
 @String {QuadACagl-long = {Quaderni. Soprintendenza archeologica per la provincie di Cagliari e Oristano}}
 @String {QuadACal-long = {Quaderni del Dipartimento delle arti, Università della Calabria}}
 @String {QuadALibya-long = {Quaderni di archeologia della Libia}}
 @String {QuadAMant-long = {Quaderni di archeologia del Mantovano}}
 @String {QuadAMess-long = {Quaderni di archeologia, Università di Messina}}
 @String {QuadAOst-long = {Quaderni del Gruppo archeologico ostigliese}}
 @String {QuadAPiem-long = {Quaderni della Soprintendenza archeologica del Piemonte}}
 @String {QuadAquil-long = {Quaderni aquileiesi}}
 @String {QuadAReggio-long = {Quaderni d’archeologia reggiana}}
 @String {QuadAVen-long = {Quaderni di archeologia del Veneto}}
 @String {QuadCast-long = {Quaderns de prehistòria i arqueologia de Castelló}}
 @String {QuadCat-long = {Quaderni catanesi di studi classici e medievali}}
 @String {QuadChieti-long = {Quaderni dell’Istituto di archeologia e storia antica, Università di Chieti}}
 @String {QuadErb-long = {Quaderni erbesi. Civico museo archeologico di Erba}}
 @String {QuadFriulA-long = {Quaderni friulani di archeologia}}
 @String {QuadGerico-long = {Quaderni di Gerico}}
 @String {QuadIstFilGr-long = {Quaderni dell’Istituto di filologia greca}}
 @String {QuadIstLat-long = {Quaderni dell’Istituto di lingua e letteratura latina, Università di Roma}}
 @String {QuadLecce-long = {Quaderni. Istituto di lingue e letterature classiche, Facoltà di magistero, Università degli studi, Lecce}}
 @String {QuadMusPontecorvo-long = {Museo civico Pontecorvo. Quaderni}}
 @String {QuadMusSalinas-long = {Quaderni del Museo archeologico regionale Antonino Salinas}}
 @String {QuadProtost-long = {Quaderni di protostoria. Università di Perugia}}
 @String {QuadStLun-long = {Quaderni. Centro studi lunensi}}
 @String {QuadStor-long = {Quaderni di storia}}
 @String {QuadStorici-long = {Quaderni storici}}
 @String {QuadUrbin-long = {Quaderni urbinati di cultura classica}}
 @String {Quaternaria-long = {Quaternaria. Storia naturale e culturale del quaternario}}
 @String {RA-long = {Revue archéologique}}
 @String {RAArtLouv-long = {Revue des archéologues et historiens d’art de Louvain}}
 @String {RAC-long = {Reallexikon für Antike und Christentum}}
 @String {RACFr-long = {Revue archéologique du Centre de la France}}
 @String {RAComo-long = {Rivista archeologica dell’antica provincia e diocesi di Como}}
 @String {RACr-long = {Rivista di archeologia cristiana}}
 @String {RadAkZadar-long = {Radovi Zavoda za povijesne znanosti, Hrvatska akademija znanosti i umjetnosti u Zadru}}
 @String {Radiocarbon-long = {Radiocarbon. An International Journal of Cosmogenic Isotope Research}}
 @String {RadSplit-long = {Radovi. Razdio povijesnih znanosti}}
 @String {RAE-long = {Revue archéologique de l’Est et du Centre-Est}}
 @String {Raggi-long = {Raggi. Zeitschrift für Kunstgeschichte und Archäologie}}
 @String {RAMadrid-long = {Revista de arqueología}}
 @String {RANarb-long = {Revue archéologique de Narbonnaise}}
 @String {RAPon-long = {Revista d’arqueologia de Ponent}}
 @String {RapWyk-long = {Raporty wykopaliskowe}}
 @String {RArchBiblMus-long = {Revista de archivos, bibliotecas y museos}}
 @String {RArcheom-long = {Revue d’archéométrie}}
 @String {RArtMus-long = {La revue des arts. Musées de France}}
 @String {RassAPiomb-long = {Rassegna di archeologia. Associazione archeologica piombinese}}
 @String {RassLazio-long = {Rassegna del Lazio}}
 @String {RassStorSalern-long = {Rassegna storica salernitana}}
 @String {RassVolt-long = {Rassegna volterrana}}
 @String {RAssyr-long = {Revue d’assyriologie et d’archéologie orientale}}
 @String {Ratiariensia-long = {Ratiariensia. Studi e materiali mesici e danubiani}}
 @String {RAtlMed-long = {Revista atlántica-\-mediterránea de prehistoria y arqueología social}}
 @String {RavStRic-long = {Ravenna studi e ricerche}}
 @String {Raydan-long = {Raydan. Journal of the Ancient Yemeni Antiquities and Epigraphy}}
 @String {RB-long = {Revue biblique}}
 @String {RBelgNum-long = {Revue belge de numismatique et de sigillographie}}
 @String {RBelgPhilHist-long = {Revue belge de philologie et d’histoire}}
 @String {LRBK-long = {Reallexikon zur byzantinischen Kunst}}
 @String {RCulClMedioev-long = {Rivista di cultura classica e medioevale}}
 @String {RdA-long = {Rivista di archeologia}}
 @String {RDAC-long = {Report of the Department of Antiquities, Cyprus}}
 @String {RdE-long = {Revue d’égyptologie (Kairo)}}
 @String {RDroitsAnt-long = {Revue internationale des droits de l’antiquité}}
 @String {RE-long = {Paulys Realencyclopädie der classischen Altertumswissenschaft}}
 @String {REA-long = {Revue des études anciennes}}
 @String {REByz-long = {Revue des études byzantines}}
 @String {RecConstantine-long = {Recueil des notices et memoires de la Société archéologique du département de Constantine}}
 @String {RechACrac-long = {Recherches archéologiques. Institut d’archéologie de l’Université de Cracovie}}
 @String {RechAlb-long = {Recherches albanologiques}}
 @String {RecMusAlcoi-long = {Recerques del Museu d’Alcoi}}
 @String {RecTrav-long = {Recueil de travaux relatifs à philologie et l’archéologie égyptiennes et assyriennes}}
 @String {REG-long = {Revue des études grecques}}
 @String {ReiCretActa-long = {Rei Cretariae Romanae Fautorum acta}}
 @String {ReiCretCommunic-long = {Rei Cretariae Romanae Fautores. Communicationes}}
 @String {REL-long = {Revue des études latines}}
 @String {Rema-long = {Ρήμα. Mitteilungen zur indogermanischen, vornehmlich indo-iranischen Wortkunde sowie zur holothetischen Sprachtheorie}}
 @String {RendBologna-long = {Atti della Accademia delle scienze dell’Istituto di Bologna. Rendiconti}}
 @String {RendIstLomb-long = {Rendiconti. Classe di lettere e scienze morali e storiche, Istituto lombardo, Accademia di scienze e lettere}}
 @String {RendLinc-long = {Rendiconti dell’Accademia nazionale dei Lincei, Classe di scienze morali, storiche e filologiche}}
 @String {RendNap-long = {Rendiconti della Accademia di archeologia, lettere e belle arti, Napoli}}
 @String {RendPontAc-long = {Rendiconti. Atti della Pontificia accademia romana di archeologia}}
 @String {RepMalta-long = {Report on the Working of the Museum Department, Malta, Department of Information}}
 @String {Reppal-long = {Reppal. Revue des études phénicienne-puniques et des antiquités libyques}}
 @String {RepSocLibSt-long = {Annual Report. The Society for Libyan Studies}}
 @String {RES-long = {Répertoire d’épigraphie sémitique (Paris 1900--1950)}}
 @String {REstIber-long = {Revista de estudios ibéricos}}
 @String {REtArm-long = {Revue des études arméniennes}}
 @String {RevEg-long = {Revue égyptologique (Paris)}}
 @String {RFil-long = {Rivista di filologia e di istruzione classica}}
 @String {RGeorgCauc-long = {Revue des études géorgiennes et caucasiennes}}
 @String {RGF-long = {Römisch-Germanische Forschungen}}
 @String {RGuimar-long = {Revista de Guimarães}}
 @String {RHA-long = {Revue hittite et asianique}}
 @String {RheinMusBonn-long = {Das Rheinische Landesmuseum Bonn. Berichte aus der Arbeit des Museums}}
 @String {RHistArmees-long = {Revue historique des armées}}%*Abweichung!
 @String {RHistRel-long = {Revue de l’histoire des religions}}
 @String {RhM-long = {Rheinisches Museum für Philologie}}
 @String {RIA-long = {Rivista dell’Istituto nazionale d’archeologia e storia dell’arte}}
 @String {RIC-long = {H. Mattingly – E. A. Sydenham, The Roman Imperial Coinage}}
 @String {RicEgAntCopt-long = {Ricerche di egittologia e di antichità copte}}
 @String {RicognA-long = {Ricognizioni archeologiche}}
 @String {RicStBrindisi-long = {Ricerche e studi. Museo Francesco Ribezzo, Brindisi}}
 @String {RIngIntem-long = {Rivista Ingauna e Intemelia}}
 @String {RItNum-long = {Rivista italiana di numismatica e scienze affini}}
 @String {RlA-long = {Reallexikon der Assyriologie und vorderasiatischen Archäologie}}
 @String {RLouvre-long = {Revue du Louvre. La revue des musées de France}}
 @String {RM-long = {Mitteilungen des Deutschen Archäologischen Instituts, Römische Abteilung}}
 @String {RNum-long = {Revue numismatique}}
 @String {RoczMuzWarsz-long = {Rocznik Muzeum narodowego w Warszawie}}
 @String {RoemOe-long = {Römisches Österreich. Jahresschrift der Österreichischen Gesellschaft für Archäologie}}%*Abweichung!
 @String {RoemQSchr-long = {Römische Quartalschrift für christliche Altertumskunde und Kirchengeschichte}}%*Abweichung!
 @String {Romanobarbarica-long = {Romanobarbarica. Contributi allo studio dei rapporti culturali tra il mondo latino e mondo barbarico}}
 @String {RomGens-long = {Romana gens. Bollettino dell’Associazione archeologica romana}}
 @String {RoscherML-long = {W. H. Roscher, Ausführliches Lexikon der griechischen und römischen Mythologie}}%*Abweichung!
 @String {RossA-long = {Rossijskaja archeologija}}
 @String {RPC-long = {Roman Provincial Coinage}}
 @String {RPhil-long = {Revue de philologie, de littérature et d’histoire anciennes}}
 @String {RPortA-long = {Revista portuguesa de arqueologia}}
 @String {RPorto-long = {Revista da Facultade de letras. Serie de historia. Universidade do Porto}}
 @String {RRC-long = {M. Crawford, Roman Republican Coinage (London 1974)}}
 @String {RSaintonge-long = {Revue de la Saintonge et de l’Aunis}}
 @String {RScPreist-long = {Rivista di scienze preistoriche}}
 @String {RSO-long = {Rivista degli studi orientali}}
 @String {RStBiz-long = {Rivista di studi bizantini e neoellenici}}
 @String {RStCl-long = {Rivista di studi classici}}
 @String {RStFen-long = {Rivista di studi fenici}}
 @String {RStLig-long = {Rivista di studi liguri}}
 @String {RStMarch-long = {Rivista di studi marchigiani}}
 @String {RStorAnt-long = {Rivista storica dell’antichità}}
 @String {RStorCal-long = {Rivista storica calabrese}}
 @String {RStPomp-long = {Rivista di studi pompeiani}}
 @String {RStPun-long = {Rivista di studi punici}}
 @String {RTopAnt-long = {Rivista di topografia antica}}
 @String {Rudiae-long = {Rudiae. Ricerche sul mondo classico}}
 @String {SaalbJb-long = {Saalburg-Jahrbuch. Bericht des Saalburg-Museums}}
 @String {SaarBeitr-long = {Saarbrücker Beiträge zur Altertumskunde}}
 @String {SaarStMat-long = {Saarbrücker Studien und Materialien zur Altertumskunde}}
 @String {Sacer-long = {Sacer. Bollettino della Associazione storica saccarese}}
 @String {Saeculum-long = {Saeculum. Jahrbuch für Universalgeschichte}}
 @String {SAGA-long = {Studien zur Archäologie und Geschichte Altägyptens}}
 @String {SaggiFen-long = {Saggi fenici}}
 @String {Saguntum-long = {Saguntum. Papeles del Laboratorio de arqueología de Valencia}}
 @String {Saitabi-long = {Saitabi. Noticiario de historia, arte y arqueología de Levante}}
 @String {SAK-long = {Studien zur altägyptischen Kultur}}
 @String {Salduie-long = {Salduie. Estudios de prehistoria y arqueología}}
 @String {Samothrace-long = {Samothrace. Excavations Conducted by the Institute of Fine Arts of New York University}}
 @String {Sandalion-long = {Sandalion. Quaderni di cultura classica, cristiana e medievale}}
 @String {Sardis-long = {Sardis. Publications of the American Society for the Excavation of Sardis}}
 @String {Sargetia-long = {Sargetia. Acta Musei regionalis Devensis}}
 @String {SarkSt-long = {Sarkophag-Studien}}
 @String {Sautuola-long = {Sautuola. Revista del Instituto de prehistoria y arqueologia Sautuola}}
 @String {Savaria-long = {Savaria. Bulletin der Museen des Komitats Vas}}
 @String {SBBerlin-long = {Sitzungsberichte der Deutschen Akademie der Wissenschaften zu Berlin. Klasse für Sprache, Literatur und Kunst}}
 @String {SBLeipzig-long = {Sitzungsberichte der Sächsischen Akademie der Wissenschaften zu Leipzig}}
 @String {SBMuenchen-long = {Bayerische Akademie der Wissenschaften. Philosophisch-Historische Klasse. Sitzungsberichte}}%*Abweichung!
 @String {SborBrno-long = {Sborník prací Filozofické fakulty Brněnské univerzity. M, Rada archeologická}}
 @String {SBWien-long = {Sitzungsberichte. Österreichische Akademie der Wissenschaften}}
 @String {ScAnt-long = {Scienze dell’antichità. Storia, archeologia, antropologia}}
 @String {SCE-long = {The Swedish Cyprus Expedition}}
 @String {SchildStei-long = {Schild von Steier. Beiträge zur Steirischen Vor- und Frühgeschichte und Münzkunde}}
 @String {Scholia-long = {Scholia. Natal Studies in Classical Antiquity}}
 @String {SchwMueBl-long = {Schweizer Münzblätter}}%*Abweichung!
 @String {SchwNumRu-long = {Schweizerische numismatische Rundschau}}
 @String {ScrCiv-long = {Scrittura e civiltà}}
 @String {ScrClIsr-long = {Scripta classica Israelica. Yearbook of the Israel Society for the Promotion of Classical Studies}}
 @String {ScrHieros-long = {Scripta Hierosolymitana. Publications of the Hebrew University, Jerusalem}}
 @String {ScrMed-long = {Scripta mediterranea. Bulletin of the Society for Mediterranean Studies, Toronto}}
 @String {SDAIK-long = {Sonderschriften des Deutschen Archäologischen Instituts, Abteilung Kairo}}
 @String {SEG-long = {Supplementum epigraphicum Graecum}}
 @String {SeminRom-long = {Seminari romani di cultura greca}}
 @String {Semitica-long = {Semitica. Cahiers publiés par l’Institut d’études sémitiques du College de France. Avec le concours du Centre national de la recherche scientifique}}
 @String {SetubalA-long = {Setúbal arqueológica}}
 @String {Sibrium-long = {Sibrium. Collana di studi e documentazioni}}
 @String {SicA-long = {Sicilia archeologica}}
 @String {SicGymn-long = {Siculorum gymnasium}}
 @String {SIG-long = {W. Dittenberger, Sylloge inscriptionum Graecarum (Leipzig 1915--­1924)}}
 @String {Sileno-long = {Sileno. Rivista di studi classici e cristiani}}
 @String {SilkRoadArtA-long = {Silk Road Art and Archaeology. Journal of the Institute of Silk Road Studies, Kamakura}}
 @String {SIMA-long = {Studies in Mediterranean Archaeology}}
 @String {Simblos-long = {Simblos. Scritti di storia antica}}
 @String {Skyllis-long = {Skyllis. Zeitschrift für Unterwasserarchäologie}}
 @String {SlovA-long = {Slovenská archeológia}}
 @String {SlovNum-long = {Slovenská numizmatika}}
 @String {SMEA-long = {Studi micenei ed egeo-anatolici}}
 @String {SNG-long = {Sylloge nummorum Graecorum}}
 @String {SocGeoAOran-long = {(Bulletin trimestriel de la) Société de géographie et d’archéologie (de la province) d’Oran}}
 @String {SoobErmit-long = {Soobščenija Gosudarstvennogo Ėrmitaža}}
 @String {SoobMuzMoskva-long = {Soobščenija Gosudarstvennogo muzeja izobrazitel’nych isskustv imeni A. S. Puškina}}
 @String {SovA-long = {Sovetskaja archeologija}}
 @String {Spal-long = {Spal. Revista de prehistoria y arqueología de la Universidad de Sevilla}}
 @String {SpNov-long = {Specimina nova dissertationum ex Instituto historico Universitatis Quinqueecclesiensis de Iano Pannonio nominatae}}
 @String {Spoletium-long = {Spoletium. Rivista di arte, storia, cultura}}
 @String {StA-long = {Studia archaeologica}}
 @String {Stadion-long = {Stadion. Internationale Zeitschrift für Geschichte des Sports}}
 @String {StaedelJb-long = {Städel-Jahrbuch}}%*Abweichung!
 @String {StAeg-long = {Studia Aegyptiaca. Budapest}}
 @String {StAlb-long = {Studia Albanica}}
 @String {StAnt-long = {Studi di antichità. Università di Lecce}}
 @String {Starinar-long = {StarinarArheoloki institut Beograd}}
 @String {StAWarsz-long = {Studia archeologiczne. Uniwersytet Warszawski, Instytut archeologii}}
 @String {StBiFranc-long = {Studium biblicum Franciscanum. Liber annuus}}
 @String {StBitont-long = {Studi bitontini}}
 @String {StBoT-long = {Studien zu den Bogazköy-Texten}}
 @String {StCercIstorV-long = {Studii şi cercetări de istorie veche şi arheologie}}
 @String {StCercNum-long = {Studii şi cercetări de numismatică}}
 @String {StCl-long = {Studii clasice. Societatea de studii clasice din Republica socialistă Romănia}}
 @String {StClOr-long = {Studi classici e orientali}}
 @String {StDocA-long = {Studi e documenti di archeologia}}
 @String {StDocHistIur-long = {Studia et documenta historiae et iuris}}
 @String {StEbla-long = {Studi eblaiti}}
 @String {StEgAntPun-long = {Studi di egittologia e di antichità puniche}}
 @String {SteMat-long = {Studi e materiali. Soprintendenza ai beni archeologici per la Toscana}}
 @String {StEpigrLing-long = {Studi epigrafici e linguistici sul Vicino Oriente antico}}
 @String {StEtr-long = {Studi etruschi}}
 @String {StGenu-long = {Studi genuensi}}
 @String {StHist-long = {Studia historica. Historia antigua}}
 @String {StiftHambKuSamml-long = {Stiftung zur Förderung der Hamburgischen Kunstsammlungen. Erwerbungen}}
 @String {StItFilCl-long = {Studi italiani di filologia classica}}
 @String {StLatIt-long = {Studi latini e italiani}}
 @String {StMagreb-long = {Studi magrebini}}
 @String {StMatStorRel-long = {Studi e materiali di storia delle religioni}}
 @String {StOliv-long = {Studia Oliveriana}}
 @String {StOr-long = {Studia orientalia, Helsinki}}
 @String {StOrCr-long = {Studi sull’Oriente cristiano}}
 @String {StP-long = {Studia papyrologica}}
 @String {StrennaRom-long = {Strenna dei romanisti}}
 @String {StRom-long = {Studi romani}}
 @String {StRomagn-long = {Studi romagnoli}}
 @String {StSalent-long = {Studi salentini}}
 @String {StSard-long = {Studi sardi}}
 @String {StStorRel-long = {Studi storico-religiosi}}
 @String {StTardoant-long = {Studi tardoantichi}}
 @String {StTrentStor-long = {Studi trentini di scienze storiche. Sezione seconda}}
 @String {StTroica-long = {Studia Troica}}
 @String {StUrbin-long = {Studi urbinati. B, Scienze umane. 3, Linguistica, letteratura, arte}}
 @String {Sumer-long = {Sumer. A Journal of Archaeology (and History) in Iraq}}
 @String {SylvaMala-long = {Sylva Mala. Bollettino del Centro di studi archeologici di Boscoreale, Boscotrecase e Trecase}}%*Abweichung!
 @String {SymbOslo-long = {Symbolae Osloenses}}
 @String {Syria-long = {Syria. Revue d’art oriental et d’archéologie}}
 @String {SyrMesopSt-long = {Syro-Mesopotamian Studies}}
 @String {TAD-long = {Türk arkeoloji dergisi}}
 @String {Talanta-long = {Τάλαντα. Proceedings of the Dutch Archaeological and Historical Society}}
 @String {TAM-long = {E. Kalinka (Hrsg.), Tituli Asiae Minoris (Wien 1901--­1941)}}
 @String {Taras-long = {Taras. Rivista di archeologia}}
 @String {Tarsus-long = {Excavations at Gözlü Kule, Tarsus}}
 @String {TAVO-long = {Tübinger Atlas des Vorderen Orients}}
 @String {TeherF-long = {Teheraner Forschungen}}
 @String {Teiresias-long = {Teiresias. A Review and Continuing Bibliography of Boiotian Studies}}
 @String {TelAvivJA-long = {Tel Aviv. Journal of the Institute of Archaeology of Tel Aviv University}}
 @String {TerraAntBalc-long = {Acta Associationis internationalis »Terra antiqua balcanica«}}
 @String {TerraVolsci-long = {Terra dei Volsci. Annali del Museo archeologico di Frosinone}}
 @String {Teruel-long = {Teruel. Instituto de estudios turolenses}}
 @String {TextilAnc-long = {Textiles anciens. Bulletin du Centre international d’étude des textiles anciens}}
 @String {TheolRu-long = {Theologische Rundschau}}
 @String {ThesCRA-long = {Thesaurus Cultus et Rituum Antiquorum}}
 @String {Thessalika-long = {Θεσσαλικά}}
 @String {Thessalonike-long = {Η Θεσσαλονίκη}}
 @String {Thieme-Becker-long = {U. Thieme – F. Becker (Hrsg.), Allgemeines Lexikon der bildenden Künstler}}%*Abweichung!
 @String {ThrakChron-long = {Θρακικά Χρονικά}}
 @String {ThrakEp-long = {Θρακική Επετηρίδα}}
 @String {TIB-long = {Tabula Imperii Byzantini}}
 @String {Tibiscus-long = {Tibiscus. Istorie, arheologie. Muzeul Banatului Timişoara}}
 @String {TiLeon-long = {Tierras de León}}
 @String {Tiryns-long = {Tiryns. Forschungen und Berichte}}
 @String {TMA-long = {Tijdschrift voor Mediterrane archeologie}}
 @String {Topoi-long = {Τόποι. Orient – Occident}}
 @String {Torretta-long = {La torretta. Rivista quadrimestrale a cura della Biblioteca comunale di Blera}}
 @String {TourOrleOr-long = {La Tour de l’Orle-d’Or, Semur-en-Auxois}}
 @String {TrabAntrEtn-long = {Trabalhos de antropologia e etnologia}}
 @String {TrabArq-long = {Trabalhos de arqueologia}}
 @String {TrabAssArqPort-long = {Trabalhos da associação dos arqueólogos portugueses}}
 @String {TrabNavarra-long = {Trabajos de arqueología de Navarra}}
 @String {TrabPrehist-long = {Trabajos de prehistoria}}
 @String {Traditio-long = {Traditio. Studies in Ancient and Medieval History, Thought and Religion}}
 @String {TransactAmPhilAss-long = {Transactions and Proceedings of the American Philological Association}}
 @String {TransactAmPhilosSoc-long = {Transactions of the American Philosophical Society}}
 @String {TransactLond-long = {Transactions of the London and Middlesex Archaeological Society}}
 @String {TravMem-long = {Travaux et mémoires. Centre de recherche d’histoire et civilisation byzantine, Paris}}
 @String {TravToulouse-long = {Travaux de l’Institut d’art préhistorique, Université de Toulouse – Le Mirail}}
 @String {TreMonet-long = {Trésors monétaires}}
 @String {TribArq-long = {Tribuna d’arqueologia}}
 @String {TrudyErmit-long = {Trudy Gosudarstvennogo Ėrmitaža}}
 @String {TrWPr-long = {Trierer Winckelmannsprogramme}}
 @String {TrZ-long = {Trierer Zeitschrift für Geschichte und Kunst des Trierer Landes und seiner Nachbargebiete}}
 @String {TTKY-long = {Türk Tarih Kurumu yayınları}}
 @String {TueBA-Ar-long = {Türkiye Bilimler Akademisi arkeoloji dergisi}}%*Abweichung!
 @String {Tyche-long = {Tyche. Beiträge zur Alten Geschichte, Papyrologie und Epigraphik}}
 @String {UF-long = {Ugarit-Forschungen. Internationales Jahrbuch für die Altertumskunde Syrien-Palästinas}}
 @String {UPA-long = {Universitätsforschungen zur Prähistorischen Archäologie}}
 @String {LUrbe-long = {L’Urbe. Rivista romana}}%*Abweichung!
 @String {UrSchw-long = {Ur-Schweiz. La Suisse primitive}}
 @String {UVB-long = {Vorläufiger Bericht über die von dem Deutschen Archäologischen Institut und der Deutschen Orient-Gesellschaft aus den Mitteln der Deutschen Forschungsgemeinschaft unternommenen Ausgrabungen in Uruk-Warka}}
 @String {VarSpom-long = {Varstvo spomenikov}}
 @String {VDI-long = {Vestnik drevnej istorii}}
 @String {Vekove-long = {Vekove. Dvumesečno spisanie. Bălgarsko istoričesko družestvo}}
 @String {Veleia-long = {Veleia. Revista de prehistoria, historia antigua, arqueología y filología clásicas}}
 @String {VenArt-long = {Venezia arti. Bolletino del Dipartimento di storia e critica delle arti dell’Università di Venezia}}
 @String {VerAmstMeded-long = {Mededelingenblad. Vereniging van Vrienden Allard Pierson Museum}}
 @String {Verbanus-long = {Verbanus. Rassegna per la cultura, l’arte, la storia del lago}}
 @String {VeteraChr-long = {Vetera christianorum}}
 @String {VGesVind-long = {Veröffentlichungen der Gesellschaft Pro Vindonissa}}
 @String {Vichiana-long = {Vichiana. Rassegna di studi filologici e storici}}
 @String {VicOr-long = {Vicino Oriente}}
 @String {VigChr-long = {Vigiliae christianae}}
 @String {Viminacium-long = {Viminacium. Zbornik radova Narodnog muzeja}}
 @String {VisRel-long = {Visible Religion}}
 @String {Vitudurum-long = {Beiträge zum römischen Oberwinterthur – Vitudurum. Ausgrabungen im Unteren Bühl}}
 @String {VivScyl-long = {Vivarium Scyllacense. Bollettino dell’Istituto di studi su Cassiodoro e sul medioevo in Calabria}}
 @String {VizVrem-long = {Vizantijskij vremennik}}
 @String {VjesAMuzZagreb-long = {Vjesnik Arheološkog muzeja u Zagrebu}}
 @String {VjesDal-long = {Vjesnik za arheologiju i historiju dalmatinsku. Bulletin d’archéologie et d’histoire dalmates}}
 @String {Wad-al-Hayara-long = {Wad-al-Hayara. Revista de estudios de la Institución provincial de cultura »Marqués de Santillana« de Guadalajara}}
 @String {WeltGesch-long = {Die Welt als Geschichte}}
 @String {WiadA-long = {Wiadomości archeologiczne. Bulletin archéologique polonais}}
 @String {WissMBosn-long = {Wissenschaftliche Mitteilungen des Bosnischen Landesmuseums, A. Archäologie}}
 @String {WissZBerl-long = {Wissenschaftliche Zeitschrift der Humboldt-Universität zu Berlin. Gesellschafts- und sprachwissenschaftliche Reihe}}
 @String {WissZHalle-long = {Wissenschaftliche Zeitschrift. Martin-Luther-Universität Halle-Wittenberg}}
 @String {WissZJena-long = {Wissenschaftliche Zeitschrift der Friedrich-Schiller-Universität Jena}}
 @String {WissZRostock-long = {Wissenschaftliche Zeitschrift der Universität Rostock}}
 @String {WO-long = {Die Welt des Orients. Wissenschaftliche Beiträge zur Kunde des Morgenlandes}}
 @String {WorldA-long = {World Archaeology}}
 @String {WSt-long = {Wiener Studien}}
 @String {WuerzbJb-long = {Würzburger Jahrbücher für die Altertumswissenschaft}}%*Abweichung!
 @String {WVDOG-long = {Wissenschaftliche Veröffentlichungen der Deutschen Orient-Gesellschaft}}
 @String {WZKM-long = {Wiener Zeitschrift für die Kunde des Morgenlandes}}
 @String {Xenia-long = {Xenia. Semestrale di antichità}}
 @String {XeniaAnt-long = {Xenia antiqua}}
 @String {XeniaKonst-long = {Xenia. Konstanzer althistorische Vorträge und Forschungen}}
 @String {YaleClSt-long = {Yale Classical Studies}}
 @String {YaleUnivB-long = {Yale University Art Gallery Bulletin}}
 @String {ZA-long = {Zeitschrift für Assyriologie und vorderasiatische Archäologie}}
 @String {ZAAK-long = {Zeitschrift für Archäologie Außereuropäischer Kulturen}}
 @String {ZAeS-long = {Zeitschrift für ägyptische Sprache und Altertumskunde}}%*Abweichung!
 @String {ZAKSSchriften-long = {Schriften des Zentrums für Archäologie und Kulturgeschichte des Schwarzmeerraumes}}
 @String {ZAntChr-long = {Zeitschrift für antikes Christentum}}
 @String {ZAW-long = {Zeitschrift für die alttestamentliche Wissenschaft}}
 @String {ZborMuzBeograd-long = {Zbornik Narodnog muzeja Beograd}}
 @String {ZborRadBeograd-long = {Zbornik radova Vizantološkog instituta. Recueil des travaux de l’Institut d’études byzantines, Beograd}}
 @String {ZborZadar-long = {Zbornik Instituta za historijske nauke u Zadru}}
 @String {ZDMG-long = {Zeitschrift der Deutschen Morgenländischen Gesellschaft}}
 @String {ZDPV-long = {Zeitschrift des Deutschen Palästina-Vereins}}
 @String {Zephyrus-long = {Zephyrus. Revista de prehistoria y arqueología}}
 @String {ZEthn-long = {Zeitschrift für Ethnologie der Deutschen Gesellschaft für Völkerkunde und der Berliner Gesellschaft für Anthropologie, Ethnologie und Urgeschichte}}
 @String {ZfA-long = {Zeitschrift für Archäologie}}
 @String {ZfNum-long = {Zeitschrift für Numismatik}}
 @String {ZivaAnt-long = {Živa antika. Antiquité vivante}}
 @String {ZKuGesch-long = {Zeitschrift für Kunstgeschichte}}
 @String {ZNW-long = {Zeitschrift für die neutestamentliche Wissenschaft und die Kunde der älteren Kirche}}
 @String {ZPE-long = {Zeitschrift für Papyrologie und Epigraphik}}
 @String {ZSav-long = {Zeitschrift der Savigny-Stiftung für Rechtsgeschichte. Romanistische Abteilung}}
 @String {ZSchwA-long = {Zeitschrift für Schweizerische Archäologie und Kunstgeschichte}}
 @String {ZVerglSprF-long = {Zeitschrift für vergleichende Sprachforschung}}
%%%%%%%%%%%%%%%%%%%%%%%%%%%%%%%%
%% 														
%%	Stand April 2014, Deutsches Archäologisches Institut 	   
%%									Bearbeitung: lcb (2015)
%%%%%%%%%%%%%%%%%%%%%%%%%%%%%%%%%
