%%
%% Encoding: UTF-8
%%
@InCollection{Hoare1973,
  author = {Charles Antony Richard Hoare},
  title = {Hints on programming language design},
  editor = {C. Bunyan},
  booktitle = {Computer Systems Reliability},
  series = {State of the Art Report},
  number = {20},
  pages = {193--216},
  date = {1973},
  url={http://flint.cs.yale.edu/cs428/doc/HintsPL.pdf},
  urldate={2018-09-06},
  comment = {\blockcquote[195]{Hoare1973}{Documentation must be regarded as an integral part of the process of design and coding.
 A good programming language will encourage and assist the programmer to write clear,
 self-documenting code,
 and even perhaps to develop
 and display a pleasant style
 of writing.}}
}


