% archaeologie --%
%               biblatex fuer Archaeologen, Historiker und Philologen
% Copyright (c) 2015 Lukas C. Bossert | Johannes Friedl
%  
% This work may be distributed and/or modified under the
% conditions of the LaTeX Project Public License, either version 1.3
% of this license or (at your option) any later version.
% The latest version of this license is in
%   http://www.latex-project.org/lppl.txt
% and version 1.3 or later is part of all distributions of LaTeX
% version 2005/12/01 or later.
@Book{ABV,
  Title                    = {Attic Black-figure Vase-painters},
  Author                   = {Beazley, J. D.},
  Location                 = {Oxford},
  Year                     = {1956},

  Keywords                 = {Sigel},
  Options                  = {corpus},
  Shorthand                = ABV-kurz
}
@Book{AE,
  Title                    = AE-lang,

  Keywords                 = {Sigel},
  Options                  = {corpus},
  Shorthand                = AE-kurz
}
@Reference{AHw,
  Title                    = {Akkadisches Handwörterbuch},
  Location                 = {Wiesbaden},
  Year                     = {1965--1981},

  Author                   = {von Soden, W.},
  Keywords                 = {Sigel},
  Options                  = {corpus},
  Shorthand                = AHw-kurz
}
@Book{ARV2,
  Title                    = {Attic Red-figure Vase-painters},
  Author                   = {Beazley, J. D.},
  Location                 = {Oxford},
  Year                     = {1963},

  Edition                  = {2},

  Keywords                 = {Sigel},
  Options                  = {corpus},
  Shorthand                = ARV2-kurz
}
@Reference{CAD,
  Title                    = CAD-lang,

  Keywords                 = {Sigel},
  Options                  = {corpus},
  Shorthand                = CAD-kurz
}

@Book{CIL,
  Title                    = CIL-lang,

  Keywords                 = {Sigel},
  Options                  = {corpus},
  Shorthand                = CIL-kurz
}
@Reference{DACL,
  Title                    = DACL-lang,

  Keywords                 = {Sigel},
  Options                  = {corpus},
  Shorthand                = DACL-kurz
}
@Reference{Daremberg-Saglio,
  Title                    = Daremberg-Saglio-lang,

  Keywords                 = {Sigel},
  Options                  = {corpus},
  Shorthand                = Daremberg-Saglio-kurz
}
@Reference{DNP,
  Title                    = DNP-lang,

  Keywords                 = {Sigel},
  Options                  = {corpus},
  Shorthand                = DNP-kurz
}
@Reference{EAA,
  Title                    = EAA-lang,

  Keywords                 = {Sigel},
  Options                  = {corpus},
  Shorthand                = EAA-kurz
}
@Reference{FGrHist,
  Title                    = {Die Fragmente der griechischen Historiker},

  Author                   = {Felix Jacoby},
  Keywords                 = {Sigel},
  Options                  = {corpus},
  Shorthand                = FGrHist-kurz
}
@Reference{FHG,
  Title                    = FHG-lang,

  Keywords                 = {Sigel},
  Options                  = {corpus},
  Shorthand                = FHG-kurz
}
@Reference{FR,
  Title                    = {Griechische Vasenmalerei},
  Location                 = {München},
  Year                     = {1900--1925},

  Author                   = {Adolph Furtwängler and Karl Reichhold},
  Keywords                 = {Sigel},
  Options                  = {corpus},
  Shorthand                = FR-kurz
}
@Reference{HAW,
  Title                    = HAW-lang,

  Keywords                 = {Sigel},
  Options                  = {corpus},
  Shorthand                = HAW-kurz
}
@Reference{HdArch,
  Title                    = HdArch-lang,

  Keywords                 = {Sigel},
  Options                  = {corpus},
  Shorthand                = HdArch-kurz
}
@Reference{Head,
  Title                    = {Historia Numorum},
  Edition                  = {2},
  Location                 = {Oxford},
  Subtitle                 = {A Manual of Greek Numismatics},
  Year                     = {1911},

  Author                   = {Head, B. V.},
  Keywords                 = {Sigel},
  Options                  = {corpus},
  Origyear                 = {1887},
  Shorthand                = Head-kurz
}
@Reference{Helbig,
  Title                    = {Führer durch die öffentlichen Sammlungen klassischer Altertümer in Rom},

  Author                   = {Helbig, W.},
  Keywords                 = {Sigel},
  Options                  = {corpus},
  Shorthand                = Helbig-kurz
}
@Reference{IG,
  Title                    = IG-lang,

  Keywords                 = {Sigel},
  Options                  = {corpus},
  Shorthand                = IG-kurz
}
@Reference{IGR,
  Title                    = IGR-lang,

  Keywords                 = {Sigel},
  Options                  = {corpus},
  Shorthand                = IGR-kurz
}
@Reference{IK,
  Title                    = IK-lang,

  Keywords                 = {Sigel},
  Options                  = {corpus},
  Shorthand                = IK-kurz
}
@Book{ILS,
  Title                    = {Inscriptiones Latinae selectae},
  Editor                   = {Dessau, Hermann},
  Location                 = {Berlin},
  Year                     = {1892--1916},

  Keywords                 = {Sigel},
  Options                  = {corpus},
  Shorthand                = ILS-kurz
}
@Reference{LAe,
  Title                    = LAe-lang,

  Keywords                 = {Sigel},
  Options                  = {corpus},
  Shorthand                = LAe-kurz
}
@Reference{Liddell-Scott-Jones,
  Title                    = Liddell-­Scott-Jones-lang,

  Keywords                 = {Sigel},
  Options                  = {corpus},
  Shorthand                = Liddell-­Scott-Jones-kurz,
}
@Reference{LIMC,
  Title                    = LIMC-lang,

  Keywords                 = {Sigel},
  Options                  = {corpus},
  Shorthand                = LIMC-kurz
}
@Reference{LTUR,
  Title                    = LTUR-lang,

  Keywords                 = {Sigel},
  Options                  = {corpus},
  Shorthand                = LTUR-kurz
}
@Reference{PIR,
  Title                    = PIR-lang,

  Keywords                 = {Sigel},
  Options                  = {corpus},
  Shorthand                = PIR-kurz
}
@Reference{PPM,
  Title                    = {Pompei},
  Subtitle                 = {Pitture e Mosaici},
  Volume                   = {1-9},
  Year                     = {1990--2000},

  Author                   = {Ida Baldassare and T. Lanzillotta and S. Salomi},
  Keywords                 = {Sigel},
  Options                  = {corpus},
  Shorthand                =PPM-kurz,
}
@Reference{PPP,
  Title                    = {Pitture e Pavimenti di Pompei},
  Volume                   = {1-3},
  Year                     = {1981--1985},

  Author                   = {Irene Bragantini and Marietta de Vos and Franca Parise Badoni},
  Keywords                 = {Sigel},
  Options                  = {corpus},
  Shorthand                = {PPP}
}
@Reference{RAC,
  Title                    = RAC-lang,

  Keywords                 = {Sigel},
  Options                  = {corpus},
  Shorthand                = RAC-kurz
}
@Reference{RBK,
  Title                    = RBK-lang,

  Keywords                 = {Sigel},
  Options                  = {corpus},
  Shorthand                = RBK-kurz
}
@Reference{RE,
  Title                    = RE-lang,

  Keywords                 = {Sigel},
  Options                  = {corpus},
  Shorthand                = RE-kurz
}
@Reference{RES,
  Title                    = {Répertoire d’épigraphie sémitique},
  Location                 = {Paris},
  Year                     = {1900–1950},

  Keywords                 = {Sigel},
  Options                  = {corpus},
  Shorthand                = RES-kurz
}
@Reference{RIA,
  Title                    = RIA-lang,

  Keywords                 = {Sigel},
  Options                  = {corpus},
  Shorthand                = RIA-kurz
}
@Reference{RIC,
  Title                    = {The Roman Imperial Coinage},

  Author                   = {H. Mattingly and E. A. Sydenham},
  Keywords                 = {Sigel},
  Options                  = {corpus},
  Shorthand                = RIC-kurz
}
@Reference{RoscherML,
  Title                    = {Ausführliches Lexikon der griechischen und römischen Mythologie},

  Author                   = {Roscher, W. H.},
  Keywords                 = {Sigel},
  Options                  = {corpus},
  Shorthand                = RoscherML-kurz
}
@Reference{RPC,
  Title                    = RPC-lang,

  Keywords                 = {Sigel},
  Options                  = {corpus},
  Shorthand                = RPC-kurz
}
@Reference{RRC,
  Title                    = {Roman Republican Coinage},
  Location                 = {London},
  Year                     = {1974},

  Author                   = {Crawford, M.},
  Keywords                 = {Sigel},
  Options                  = {corpus},
  Shorthand                = RRC-kurz
}
@Reference{SEG,
  Title                    = SEG-lang,

  Keywords                 = {Sigel},
  Options                  = {corpus},
  Shorthand                = SEG-kurz
}
@Reference{SIG,
  Title                    = {Sylloge inscriptionum Graecarum},
  Edition                  = {3},
  Location                 = {Leipzig},
  Year                     = {1915--1924},

  Author                   = {Dittenberger, W.},
  Keywords                 = {Sigel},
  Options                  = {corpus},
  Shorthand                = SIG-kurz
}
@Reference{SNG,
  Title                    = SNG-lang,

  Keywords                 = {Sigel},
  Options                  = {corpus},
  Shorthand                = SNG-kurz
}
@Reference{TAM,
  Title                    = {Tituli Asiae Minoris},
  Editor                   = {Kalinka, E.},
  Location                 = {Wien},
  Year                     = {1901--1941},

  Keywords                 = {Sigel},
  Options                  = {corpus},
  Shorthand                = TAM-kurz
}
@Reference{ThesCRA,
  Title                    = ThesCRA-lang,

  Keywords                 = {Sigel},
  Options                  = {corpus},
  Shorthand                = ThesCRA-kurz
}
@Reference{Thieme-Becker,
  Title                    = {Allgemeines Lexikon der bildenden Künstler},
  Editor                   = {U. Thieme and F. Becker},

  Keywords                 = {Sigel},
  Options                  = {corpus},
  Shorthand                = Thieme-Becker-kurz
}
@Reference{TIB,
  Title                    = TIB-lang,

  Keywords                 = {Sigel},
  Options                  = {corpus},
  Shorthand                = TIB-kurz
}
